3625 5450
223 215 348 329 Ere
420 264 1028 337 notrorum,
1167 263 1247 370 79

106 457 152 521 as,
170 428 200 505 in
223 459 295 537 qva.
317 445 537 548 utrimque
563 446 765 549 plantandae
790 444 868 535 sunt
895 445 1058 536 arbores,
1084 466 1123 517 nt
1149 447 1254 521 oculo
1280 445 1324 522 in
1335 466 1495 539 annua,

109 530 196 633 posto
221 561 436 635 appareant
469 548 507 619 in
533 545 634 619 lineis
665 544 840 644 parallelis
864 543 1048 636 plantata,
1076 543 1143 616 boc
1163 545 1235 635 est,
1259 574 1319 621 eo-
1340 554 1494 695 baffia

116 660 129 705 a
163 633 354 713 einvieem
393 638 600 718 intervallo
626 645 793 747 utrinque
822 640 948 717 dillare
967 645 1172 718 videantur.
1201 630 1385 721 Diae-ll
1463 648 1496 694 ²·

106 744 243 806 'araretur
260 743 387 833 'Fabri
420 746 461 817 dt
492 738 680 841 Tarquetar
697 742 759 819 suo
779 743 887 815 nando
906 742 1232 834 demonstraverat,
1258 745 1316 823 sed

121 837 183 910 dun
207 842 405 938 perplexe,'
438 842 553 917 lineae
577 842 655 918 illas
672 845 740 919 esse
764 842 975 939 hyperbolae
994 843 1187 941 oppositas.
1213 846 1314 921 Idem

118 935 152 1008 iri
179 938 368 1015 admodum
421 942 559 1039 analysa
593 944 724 1042 reperit
750 945 1000 1038 Verignonivs.
1037 940 1169 1016 Reddit
1197 968 1320 1019 autem

138 1035 186 1111 luo
209 1042 405 1136 problema
435 1046 554 1115 multo
582 1034 816 1139 generalius',
851 1068 1006 1141 quaerens
1034 1041 1204 1114 nimirum
1233 1042 1317 1119 duas
1365 1130 1368 1135 ,

114 1137 174 1209 sia
198 1138 293 1235 plano
321 1142 451 1229 dato,
478 1141 515 1213 in
543 1143 668 1240 quibus
696 1140 1121 1240 srplantenrur'atbores,
1149 1140 1237 1215 bina
1255 1168 1317 1240 op·

113 1266 136 1314 ,a
162 1263 334 1336 appareant
377 1242 497 1312 oculo
524 1240 623 1339 super
652 1243 757 1340 plano
784 1264 976 1340 utcumque
1003 1242 1144 1314 elevato
1170 1238 1231 1313 sub
1258 1268 1320 1315 an.

136 1335 248 1409 lanum
273 1362 619 1439 quorumcumque,
646 1366 725 1412 eum
755 1334 791 1413 in
821 1338 1005 1438 hypothes
1026 1341 1192 1412 Fabriana
1213 1360 1319 1438 atque

113 1436 227 1507 arriana
252 1439 376 1511 aculus
408 1438 629 1536 supponatur
656 1441 692 1511 in
722 1436 791 1513 fine
820 1440 915 1536 plani
943 1439 1115 1541 &anguli
1136 1436 1322 1513 sumantur

116 1541 175 1637 les,
196 1538 260 1610 Sed
274 1538 339 1612 hac
361 1536 635 1613 universalitate
654 1565 726 1612 uon
746 1561 938 1612 contentus
959 1540 1025 1612 alia
1052 1539 1193 1637 insuper
1220 1539 1319 1611 addit

118 1658 248 1724 emata,
271 1662 346 1736 qua
363 1634 473 1807 Ἕω
489 1635 527 1710 in
547 1636 613 1711 boe
631 1665 758 1739 genere
777 1634 942 1737 peritiam
970 1644 1123 1713 docent.

128 1737 387 1824 Adrnnomieirt
432 1735 548 1809 oriam
566 1735 769 1811 Satellitum
797 1738 832 1807 in
861 1761 988 1835 genere
1017 1732 1184 1833 perficere
1209 1732 1321 1815 studet
1343 1726 1500 1817 P²8·‘¹92·

111 1835 164 1923 ni,
190 1834 449 1908 determinando
467 1832 742 1909 inclinationem
762 1834 960 1911 orbitarum
981 1834 1181 1925 satellitum
1203 1833 1244 1911 ad
1264 1860 1322 1909 ot·

106 1960 113 2002 r
130 1930 381 2030 primariorum
397 1936 634 2031 planetarum,
663 1934 756 2009 cirta
771 1957 859 2037 quot
877 1933 1066 2023 feruntur,
1086 1934 1120 2007 dt
1141 1932 1321 2011 nodoasev

106 2032 311 2107 sediionum
329 2032 485 2131 puniit.
515 2033 648 2135 Agitur
675 2054 794 2109 autem
819 2035 860 2109 de
890 2035 995 2109 nodis
1022 2059 1062 2107 aa
1086 2032 1321 2113 inclinatione

117 2158 200 2207 uon
229 2134 502 2230 apparentibus,
530 2131 596 2206 hoc
624 2132 670 2206 est
690 2186 704 2225 ,
727 2148 771 2206 ex
800 2132 946 2211 Planeta
974 2131 1175 2233 primario,
1202 2158 1273 2205 non
1302 2158 1321 2209 t

106 2257 142 2305 re
168 2228 280 2304 vilis.
310 2232 411 2306 idem
430 2229 618 2344 investigat
646 2228 843 2331 distantiam
862 2231 948 2307 sirii
972 2256 990 2306 a
1014 2258 1108 2311 terta
1127 2233 1162 2307 δ(
1182 2256 1236 2304 ma
1269 2228 1321 2307 ni·

109 2355 148 2401 nr
173 2356 313 2403 veram
334 2358 395 2428 pet
415 2332 609 2429 parallaxan
628 2331 724 2404 orbis
742 2333 850 2409 annui
872 2386 883 2423 ,
910 2357 1015 2432 quarn
1030 2331 1185 2405 sollicite
1205 2258 1323 2403 obier-

106 2429 323 2527 :elescopio
343 2430 453 2503 trium
475 2433 623 2530 pedum,
650 2429 685 2503 in
705 2428 803 2525 cujus
821 2429 903 2504 foco
922 2431 1104 2505 extensum
1123 2453 1198 2505 erat
1220 2428 1321 2507 filum

125 2529 416 2603 Meridianum
435 2529 637 2629 attingent,
665 2529 950 2641 adtpuadrantem
972 2555 1074 2601 muro
1093 2527 1238 2601 affixum
1265 2525 1323 2599 sir-

112 2627 386 2703 variationes
404 2628 441 2701 in
463 2628 651 2705 altitudine
679 2628 763 2705 sini
785 2650 1005 2730 perannum
1033 2625 1224 2701 observatae
1252 2649 1325 2697 non

106 2755 152 2798 re
175 2728 438 2802 latitudinem
457 2725 511 2801 fili
535 2782 544 2801 .
574 2729 755 2808 Monstrat
781 2751 901 2804 autem
922 2779 936 2817 ,
959 2751 1014 2802 eat
1034 2726 1100 2802 else
1122 2724 1325 2814 conformes

106 2826 307 2898 I'elluris
329 2853 451 2901 annuo
467 2826 559 2902 eirea
577 2827 717 2917 Solem,
744 2825 941 2918 contrarias
960 2850 1049 2902 vero
1066 2822 1246 2937 supposta
1265 2848 1325 2904 va-

106 2925 110 2993 i
138 2924 412 3004 retentationis
429 2952 492 3026 pro
510 2926 646 3002 diversa
666 2926 749 3002 anni
767 2922 990 3024 tempestate.
1017 2927 1199 3022 Quoniam
1214 2921 1326 3022 paral«

106 3025 243 3121 eperit
281 3035 316 3096 6
335 3024 588 3114 secundorum,
614 3023 844 3102 Diametrum
872 3048 1099 3126 apparentem
1121 3047 1136 3113 ς
1159 3020 1325 3096 seeundo·

106 3148 110 3193 :
140 3123 432 3200 Diametrum
460 3124 554 3198 orbis
581 3123 689 3204 annui
718 3125 907 3198 minimum
936 3119 1080 3198 astituat
1111 3144 1224 3192 20000
1251 3118 1326 3196 dia·

114 3249 162 3294 tn
218 3221 471 3298 terrellriutn
499 3273 511 3315 ‚
544 3222 624 3300 ideo
659 3221 860 3298 distantiam
897 3220 981 3293 Sirii
1010 3223 1171 3325 abTetra
1199 3215 1326 3321 definit

116 3350 189 3393 00
243 3322 527 3398 diametrorum
560 3321 807 3411 terrestrium,
842 3321 1054 3396 diametrum
1091 3342 1210 3390 veram
1240 3342 1328 3396 vern

117 3424 426 3496 iametrorum
455 3421 671 3496 terrestrium
700 3454 709 3496 e
740 3423 863 3513 unde,
889 3445 971 3494 cum
998 3419 1211 3494 diametrum
1238 3414 1330 3492 Solis

202 3519 377 3600 statuat
403 3521 568 3598 diametri
588 3523 735 3611 Terrae,
760 3521 933 3594 diameter
960 3515 1045 3592 Sirii
1073 3514 1237 3613 centupla
1266 3513 1331 3594 mi·

192 3618 410 3700 diametri
426 3619 574 3696 Solaria.
601 3615 733 3722 Magni
752 3617 925 3696 momenti
945 3615 992 3688 cll
1013 3617 1083 3689 bac
1101 3612 1330 3703 observatio,

153 3748 247 3797 am
279 3745 416 3796 motus
435 3720 593 3796 Telluris
619 3744 755 3794 annuus
781 3716 876 3794 cirea
900 3717 1021 3792 Solem
1045 3765 1057 3804 ‚
1082 3715 1240 3812 adeoque
1269 3737 1330 3788 ve·

141 3822 312 3898 matis
338 3819 604 3929 Coperoicani,
631 3817 789 3920 rigorose
805 3813 1094 3900 demonstretur,
1122 3812 1172 3888 ita
1190 3834 1229 3884 ut
1254 3811 1334 3888 nul-

131 3921 354 4025 ,cptioni
373 3922 493 4008 lucus,
519 3918 556 3992 id
575 3921 671 4019 quod
690 3942 761 3992 aon
789 3914 929 4004 obtinet
956 3912 995 3985 in
1025 3909 1198 4012 parallaxi
1225 3909 1330 3992 llellae

136 4019 444 4102 Flamllaedio
471 4016 657 4092 observata
675 4015 692 4106 ,'
713 4011 1013 4114 quemadmodum
1043 4011 1130 4086 alibi
1160 4006 1332 4086 monllta·

140 4183 159 4202 ,
205 4128 303 4206 Β,
329 4144 379 4213 27
400 4115 622 4218 Marntprp
639 4115 835 4188 desaisire
855 4108 1057 4186 observavit
1079 4107 1226 4182 initium
1247 4101 1333 4182 ecli-

156 4253 255 4304 ιιι·
309 4218 433 4298 nubes
459 4213 743 4292 observationem
773 4210 954 4310 tprbantes
979 4206 1124 4284 dubium
1153 4203 1187 4275 b.
1212 4228 1226 4276 r
1254 4208 1334 4380 ις’,

136 4353 278 4410 ,κω
324 4323 383 4414 7}
401 4313 604 4418 digitorum
631 4313 697 4407 h.3
721 4310 774 4399 14¹
796 4304 906 4384 ao'&
928 4312 980 4379 zo‘
1004 4302 1090 4396 ις’,
1116 4299 1227 4380 finem
1282 4327 1336 4390 ·4

180 4432 246 4504 lo
276 4424 456 4500 sereno.
486 4413 650 4496 Medium
668 4407 836 4508 eclipseos
854 4404 1070 4484 determinat
1089 4399 1122 4474 b
1143 4402 1336 4497 3·17‘ao'.

155 4553 319 4638 oque
343 4511 509 4616 eclipsin
532 4505 736 4594 observavit
753 4504 897 4636 Casini,
924 4502 987 4612 qui
1012 4499 1122 4582 finam
1152 4494 1337 4684 resppt48d
