3625 5450
304 520 465 587 nummu

309 611 366 664 An.
378 620 463 681 ¹7²¹·

307 681 352 741 hl·
369 682 464 760 April.

305 759 375 841 Peg.
399 760 466 821 181.

562 324 631 427 74
945 278 1340 383 Ac‘rn

486 525 714 608 gumentum.
741 493 979 573 Moslreimius
1003 490 1101 567 enim
1126 490 1262 569 uidebit
1277 489 1363 582 hie,
1388 480 1562 563 Isidorut'n
1587 505 1662 558 rem
1691 503 1718 557 tt

486 600 661 679 momenti
688 597 837 670 uoluisse
863 592 1032 670 hasleuue
1050 592 1266 691 approbare,
1291 589 1338 662 ob
1356 585 1529 661 silentium
1550 579 1718 658 Philostra

485 705 547 805 qui
576 725 648 777 non
675 692 901 794 expresserit,
927 691 970 764 iis
998 689 1084 763 locis
1100 690 1230 767 defossa
1250 687 1295 762 ab
1314 684 1511 779 Apollonio
1532 681 1602 754 esse
1621 682 1718 755 telesr

487 829 542 881 ta.
565 800 604 875 si
629 819 773 875 omnem
798 790 906 866 fidem
935 787 1138 864 historicam
1167 789 1200 861 ei
1227 783 1408 863 ademisset
1436 781 1607 870 Isidorus,
1637 778 1718 877 respr

483 901 534 976 set
561 900 654 972 huuc
682 900 855 969 Amorem
885 890 1008 989 plane,
1034 914 1099 963 ceu
1116 885 1329 975 hominem,
1355 908 1428 983 quo
1457 905 1528 954 non
1558 879 1598 951 stt
1625 878 1718 974 inepr

484 1026 548 1081 nec
575 989 871 1095 superstitiosior,
905 987 1038 1088 quique
1075 988 1245 1086 quadrata
1264 983 1427 1056 rotundis
1446 976 1646 1066 miscuerit,
1673 978 1706 1046 δε

486 1092 640 1173 moullra
668 1090 863 1165 fabularum
883 1085 1158 1184 conquisiverit,
1186 1107 1224 1155 ut
1244 1107 1361 1154 mente
1386 1102 1507 1175 captus
1527 1075 1710 1148 hincinde

484 1194 561 1271 deti
588 1188 721 1293 possit.
758 1186 853 1260 Perit
881 1183 993 1283 igitur
1019 1184 1128 1256 etiam
1155 1182 1304 1254 alterum
1334 1174 1570 1252 Monsheimii
1599 1196 1718 1274 argum

485 1319 585 1381 tum,
610 1315 682 1363 nou
701 1280 889 1361 confecisse
904 1280 1137 1379 Apollonium
1157 1277 1328 1379 imagines
1346 1274 1535 1363 teleslicas,
1565 1300 1626 1345 nee
1646 1272 1713 1345 alia

485 1388 647 1466 mirande
675 1383 878 1460 Antiochia
903 1382 938 1451 δι
958 1379 1153 1473 Byzantii,
1179 1378 1225 1450 ob
1252 1377 1344 1450 idem
1365 1368 1540 1447 silentium
1560 1368 1718 1444 Philositi

484 1494 621 1583 'lfomm
641 1482 668 1557 is
686 1482 780 1556 enim
807 1479 879 1577 ejus
896 1478 1159 1551 enarrationem
1179 1476 1337 1573 explodit
1357 1526 1367 1564 ,
1396 1494 1435 1546 ut
1455 1470 1651 1570 Apollonio
1670 1468 1718 1541 set

414 1628 418 1637 ¹
488 1612 546 1666 tur
564 1585 656 1659 sama
677 1580 745 1654 viri
765 1580 868 1653 boni.
897 1576 974 1677 lpse
992 1601 1110 1649 autern
1133 1575 1284 1650 Isidorus
1302 1574 1361 1646 ille
1382 1568 1553 1646 Pelusiota
1583 1566 1713 1665 scripsrt

486 1687 609 1771 burm,
635 1681 696 1779 qui
724 1704 797 1751 non
825 1699 944 1763 extat,
972 1676 1133 1748 adversus
1158 1672 1342 1760 Gentiles,
1368 1669 1463 1841 guod
1489 1692 1612 1741 omnes
1637 1668 1718 1739 islor

490 1769 979 1890 divinationes(‚{ga,m‚})
1013 1774 1077 1844 lint
1106 1797 1224 1869 nugat,
1254 1772 1287 1841 δι
1314 1769 1369 1842 sru
1403 1794 1440 1840 ra
1466 1765 1627 1840 omnium
1651 1790 1712 1839 ore

489 1894 691 1965 lebrentur.
715 1891 841 1985 ltaque
859 1888 893 1957 δι
913 1887 1095 1958 telesmata
1116 1883 1303 1982 Apollonii
1321 1880 1504 1958 damnavit
1524 1908 1567 1956 eo
1588 1882 1717 1973 modo,

432 2049 441 2068 .
490 2012 550 2067 tut
570 1989 758 2086 Origenes.
784 1982 1108 2058 V.Demonslrasse
1136 2008 1253 2059 autem
1280 1982 1492 2081 opinabatur
1520 1978 1713 2057 Mosheimi

436 2154 441 2165 .
490 2113 597 2186 utque
623 2091 669 2161 ed
697 2084 843 2158 tertium
870 2082 1051 2189 seculum,
1072 2107 1146 2185 quo
1175 2080 1266 2163 vixit
1296 2080 1526 2157 Philostratus
1544 2079 1605 2153 sub
1619 2081 1718 2154 Seven

488 2186 579 2269 nibil
591 2209 717 2259 'extare
734 2185 824 2282 apud
842 2204 979 2253 veteres
996 2205 1123 2255 contra
1137 2181 1391 2282 Apollonium.
1418 2181 1518 2255 Adde
1536 2204 1654 2254 tamen
1673 2177 1717 2253 ali

487 2287 605 2361 locum
636 2282 805 2381 Origenis
830 2282 888 2352 lib.
907 2309 940 2366 4.
958 2301 1071 2352 contra
1090 2282 1247 2376 Celsum,
1273 2306 1377 2380 quem
1407 2274 1512 2352 habet
1539 2278 1705 2351 Seldenus

487 2380 559 2458 Dss
574 2382 648 2485 Syr.
665 2384 761 2476 Sym.
777 2388 1027 2475 r.c.2.p.116.
1046 2379 1262 2479 Porphyrius
1288 2403 1397 2478 porro
1425 2377 1539 2449 seculo
1566 2375 1676 2450 tertio
1703 2400 1718 2476 p

487 2504 593 2554 vocnt
622 2502 697 2552 tum
725 2480 767 2553 ad
796 2499 1056 2567 veteres,.tum
1084 2477 1145 2576 qui
1173 2476 1231 2553 sua
1259 2478 1293 2548 dt
1321 2499 1462 2575 patrum
1490 2474 1718 2551 memoriani

487 2578 582 2673 rint,
608 2576 850 2674 &exuuperis
865 2579 906 2651 ad
919 2574 1011 2648 hune
1024 2575 1279 2673 Apollonium,
1304 2579 1347 2645 de
1363 2576 1514 2672 abstind.
1528 2602 1557 2669 3.
1570 2580 1598 2666 §.
1608 2602 1638 2669 3.
1657 2575 1717 2673 qui

486 2677 685 2754 firmaverit
707 2731 718 2766 ,
741 2672 972 2749 hirundinem
1000 2675 1215 2772 garrientem
1243 2670 1321 2749 aliis
1347 2674 1494 2749 aviculis
1519 2673 1686 2747 indicasse
1711 2678 1718 2746 l

488 2799 649 2852 mentum
666 2800 751 2848 ante
768 2776 891 2846 urbem
911 2771 982 2844 effu
1000 2777 1061 2844 'um
1078 2772 1145 2846 esse
1164 2776 1199 2847 in
1219 2795 1335 2848 terre.
1362 2773 1487 2849 Refert
1504 2771 1566 2847 ista
1585 2774 1718 2849 etiaml

486 2874 651 2947 lustratus
669 2877 740 2946 Lo.
750 2901 782 2961 4.
792 2897 820 2944 e.
834 2897 864 2963 3.
889 2785 1107 2968 Porpilyrius
1124 2899 1210 2972 ergo
1227 2899 1299 2947 nun
1327 2873 1471 2972 negarit
1490 2925 1502 2964 ,
1527 2870 1661 2948 sussum
1686 2871 1718 2946 el

486 2977 583 3073 quod
602 2973 661 3043 ille
679 2972 728 3045 tit
753 2977 794 3042 de
814 2970 1038 3068 Apollonio,
1063 2973 1099 3040 de
1123 2967 1235 3043 socios
1253 2970 1408 3067 ejusdem
1430 2970 1717 3073 deprehendisse,

485 3072 546 3144 lud
567 3069 678 3168 ipsum
698 3067 844 3140 effusum
865 3092 948 3139 vere
970 3066 1189 3142 frumentum
1215 3069 1318 3143 luisse
1338 3072 1466 3149 ibidem
1487 3124 1500 3162 ,
1523 3072 1560 3141 ἃ
1580 3068 1718 3144 birundi

486 3187 611 3242 omnet
627 3168 735 3240 etiem
755 3193 800 3240 eo
822 3164 993 3239 avolasse.
1022 3168 1165 3242 Recitat
1184 3191 1349 3268 preterea
1363 3174 1401 3242 dt
1416 3169 1715 3268 Celsus-apudOr

484 3290 591 3356 nem,
618 3266 795 3364 colloquia
814 3263 911 3337 inter
928 3289 1009 3337 ares
1031 3263 1128 3339 lieri.
1155 3266 1358 3366 Respondet
1379 3270 1575 3368 Origenes,
1603 3271 1671 3343 hoe
1698 3292 1718 3368 q

484 3388 555 3465 que
572 3371 744 3438 daemones
762 3362 930 3438 indicasse
949 3364 1174 3457 hominibus,
1200 3389 1239 3440 ut
1258 3365 1410 3458 scirent,
1435 3367 1520 3467 quid
1542 3369 1718 3470 colloquer

346 3481 357 3500 ⁴
485 3483 547 3535 tur
563 3463 631 3535 illae
647 3489 749 3552 eves,
775 3464 846 3534 ml.
863 3491 897 3551 4.
913 3482 991 3557 prg.
1003 3486 1082 3535 222.
1100 3462 1143 3531 θ
1163 3473 1242 3537 228.
1273 3467 1509 3564 Apollonium
1525 3477 1615 3565 ergo
1631 3469 1718 3541 doct

482 3561 662 3633 daemones
679 3562 800 3634 omnia
821 3562 881 3632 illu
899 3562 1036 3658 magica
1067 3562 1295 3650 Philostrati,
1319 3589 1394 3661 qun
1414 3564 1655 3638 Moslteimius
1682 3565 1718 3638 hr

430 3738 441 3763 .
491 3682 557 3759 pro
571 3657 717 3733 sabulis.
744 3662 811 3732 Vl.
829 3659 955 3730 Secuso
981 3658 1076 3731 enim
1103 3685 1232 3760 quarto
1250 3664 1391 3735 demum
1408 3664 1460 3735 tit
1475 3664 1623 3763 cupisse
1641 3688 1718 3737 tent

490 3781 670 3830 rumorem
688 3757 783 3831 inter
801 3759 926 3855 tulgus
944 3755 1057 3856 spargi
1074 3759 1117 3829 de
1137 3759 1252 3859 magia
1264 3761 1476 3858 Apollonii,
1498 3763 1715 3861 quelisillen

485 3854 676 3929 Eusebium
692 3878 805 3928 eonem
821 3859 968 3926 meroes.
982 3881 1078 3944 c.44.
1087 3858 1209 3956 f.464.
1238 3862 1374 3933 lterum
1402 3862 1533 3935 retinet
1545 3862 1718 3936 Moshein

485 3955 522 4026 dt
541 3953 734 4028 versionem
752 3957 785 4024 dc
809 3978 932 4028 notem
962 3956 1011 4026 D.
1028 3956 1168 4029 Oleerii
1194 3957 1238 4029 de
1266 3959 1438 4033 machinis
1451 3959 1620 4035 rebellicis
1639 3970 1718 4060 Apu

478 4054 559 4142 nli,
582 4076 661 4151 quae
681 4052 820 4125 Eusebii
835 4078 913 4124 arvo
932 4052 1165 4127 credebantur
1180 4056 1223 4130 ab
1240 4053 1304 4129 illo
1322 4056 1456 4154 polite.
1484 4066 1538 4134 At
1558 4087 1648 4134 tecto
1668 4061 1698 4132 is

485 4153 532 4225 ess
552 4174 676 4223 rumor
699 4153 836 4238 tenuis,
863 4150 965 4248 siqui
980 4149 1181 4244 affirment,
1206 4152 1274 4227 sese
1293 4155 1616 4252 deprehendissent
1638 4184 1718 4258 rep«

482 4249 518 4322 se
545 4250 652 4322 etiam
679 4248 786 4322 hodie
804 4245 939 4337 inl„
955 4248 996 4336 ,ὅ
1018 4254 1089 4339 ,wi
1103 4303 1116 4337 ,
1145 4251 1324 4327 muchium
1348 4254 1506 4347 slmiles,
1531 4283 1661 4359 easque
1689 4285 1718 4357 p=

477 4359 645 4436 ostendi.
682 4366 732 4436 Et
751 4385 951 4462 quanquam
982 4363 1151 4437 Eusebius
1178 4367 1227 4440 ibi
1253 4367 1308 4441 his
1336 4389 1407 4444 non
1434 4376 1679 4463 immoretur,
1707 4372 1718 4443 l

482 4459 519 4532 id
539 4484 659 4552 tamen
677 4467 717 4530 de
726 4479 869 4556 praepar.
891 4463 1020 4556 Evang.
1033 4467 1067 4533 L.
1083 4481 1149 4553 μ.
1161 4487 1194 4552 7.
1213 4466 1271 4540 ubi
1287 4465 1442 4567 disputet
1471 4498 1543 4548 non
1572 4477 1691 4547 modo
1709 4499 1718 4544 r

482 4580 537 4634 tra
557 4560 819 4659 Porphyrium,
844 4557 900 4633 sed
918 4559 953 4631 dt
979 4559 1093 4662 ipsum
1122 4565 1380 4661 Apollonium.
1407 4572 1504 4647 Nam
1524 4575 1563 4648 de
1583 4573 1706 4650 libros

1572 4709 1578 4720 ·
1711 4697 1718 4744 t
