3625 5450
241 267 1030 387 sanor-roton:
1148 318 1230 389 tor

144 506 208 663 tprn
224 487 257 564 dt
272 490 318 564 ab
338 491 426 593 ipso
444 495 648 581 Newrooo,
675 493 835 583 docebo,
860 493 884 569 fi
908 517 943 569 te
963 494 1006 570 de
1023 491 1091 571 fide
1108 521 1188 573 met
1205 496 1306 575 dubi·
1322 540 1490 611 ,33:⁰40

147 618 243 664 tero.

161 693 229 793 quid
251 689 300 764 his
316 690 460 765 diutius
476 690 681 766 immoror?
707 694 831 767 Nemo
848 717 922 766 non
944 693 1073 787 videt,
1099 696 1302 774 Clarillime
1324 625 1489 767 elisiis.

152 819 200 882 re,
221 814 441 865 contemtum
460 814 566 888 quem
585 789 722 865 hornus
738 790 783 864 de
798 793 878 865 Cel.
895 795 1106 869 Bennoullio
1127 794 1168 869 in
1194 800 1309 873 maxi·

144 891 205 988 ejus
224 893 356 965 laudern
375 914 541 987 uergere.
568 889 882 979 Quemadmodum
907 892 1003 967 enim
1029 897 1065 965 tit
1081 897 1208 990 mageis
1224 900 1308 969 libe·

137 992 350 1078 *ciuitatibum
377 986 556 1061 Cornelio
572 990 717 1085 Nepote
741 986 792 1061 ita
810 988 1010 1081 sentiente,
1039 992 1083 1064 stc
1102 1019 1245 1093 quoque
1266 1000 1306 1073 in

154 1093 171 1161 l.
195 1090 345 1163 literaria
362 1087 408 1171 ιβ
425 1088 486 1157 bot
500 1110 662 1157 commune
687 1089 810 1158 virium
828 1140 839 1176 ,
864 1110 903 1158 att
918 1093 1053 1165 ovidio
1064 1094 1182 1188 glorta·
1203 1120 1307 1167 emes

164 1192 292 1260 libenter
308 1188 350 1257 de
364 1186 417 1257 bis
433 1185 633 1275 decredere,
659 1211 742 1279 qttos
767 1189 903 1257 rotinere
920 1190 1060 1263 videm
1080 1193 1209 1264 altius.
1235 1195 1306 1270 Sed

146 1287 206 1361 hoc
223 1287 348 1360 vitium
365 1309 476 1381 usque
501 1283 589 1355 adeo
616 1283 682 1356 tihi
709 1285 896 1375 innatum,
923 1310 962 1360 ut
981 1289 1186 1388 nequidem
1206 1290 1302 1364 dilst-

137 1412 287 1486 equcas.
311 1383 431 1457 Velles
447 1381 591 1482 quidem
619 1381 804 1457 morosiori
833 1407 900 1456 tua
928 1386 1152 1481 intemperiei
1181 1392 1301 1464 variat

124 1513 203 1558 tere
219 1481 476 1584 querimonias,
506 1505 547 1552 ne
566 1506 608 1553 ex
628 1508 724 1555 mera
753 1481 887 1556 invidia
908 1509 1034 1558 contra
1055 1488 1303 1564 Betooulliuut

122 1585 342 1657 nhumaniter
358 1578 520 1675 scripsisse
540 1579 728 1668 videreris,
754 1580 809 1654 sed
829 1582 945 1654 nihilo
961 1583 1166 1682 graviores,
1192 1613 1301 1685 quam

121 1687 232 1780 lupus
249 1684 284 1754 in
303 1679 413 1753 sabula
433 1678 547 1749 movit
565 1704 657 1776 agno
675 1677 823 1751 inserius
840 1684 882 1753 ad
904 1683 1021 1754 rivum
1041 1684 1144 1756 stanti
1162 1686 1197 1756 &
1216 1687 1302 1777 lupo

121 1810 139 1849 n
159 1781 343 1853 turbanti:
368 1802 443 1848 curn
464 1775 560 1855 enim
578 1802 702 1853 omnes
722 1802 798 1851 tuas
820 1778 975 1850 rationes
992 1778 1139 1853 frivolas
1158 1782 1223 1853 else
1251 1780 1301 1857 sa·

121 1880 337 1975 suspiceret,
359 1876 492 1949 tandem
508 1900 583 1972 quo
600 1898 635 1946 te
654 1875 805 1969 amplius
822 1899 977 1947 verteres
996 1876 1300 1957 nel'ciusfellivum

121 1978 306 2050 niniscetis
322 1976 534 2072 figmentum,
561 1971 692 2044 scilicet
709 1976 921 2045 Bermllt'us
941 1972 984 2042 Θ
1000 1981 1086 2048 sacti
1111 1981 1184 2065 ejus
1207 1984 1297 2052 Atto

128 2079 314 2170 vestisset
327 2072 433 2165 ms‘tfi
446 2101 459 2142 .·
484 2095 586 2166 atque
600 2076 770 2166 universos
785 2077 915 2169 Anglos
929 2076 1063 2169 indigem
1087 2075 1297 2151 tressortem.
1397 2074 1403 2091 ’

121 2177 149 2245 is
165 2175 251 2246 sane
267 2172 456 2245 accusatio!
485 2169 541 2242 sed
569 2169 671 2242 simili
698 2173 805 2245 modo
831 2174 933 2269 lupus
959 2199 1090 2272 agnum
1116 2176 1298 2251 accusate·

121 2274 245 2372 puid?
266 2269 506 2357 Bernoullius‚
533 2268 616 2363 quia
632 2269 675 2343 ad
696 2270 813 2341 Keillii
834 2293 1001 2371 tuamque
1028 2274 1242 2348 cantilenam
1263 2274 1297 2348 se

121 2396 218 2443 »nere
238 2370 375 2459 noluit,
399 2369 482 2466 quia
500 2395 519 2439 a
537 2368 637 2438 vobis
663 2369 910 2442 insolenter&
929 2374 1019 2443 elata
1047 2372 1148 2446 erista
1166 2374 1297 2448 lacessi·

121 2471 305 2557 lesendit‚
332 2467 413 2565 quia
441 2464 681 2561 superciliosos
709 2465 839 2539 uestros
863 2492 1066 2541 contemtus
1094 2471 1296 2546 &insultus

121 2572 168 2658 it,
197 2571 287 2669 quia
308 2566 411 2640 vobis
429 2567 563 2639 duobus
580 2567 856 2661 provocantibus
883 2570 1105 2661 comparuit,
1132 2571 1215 2668 quia
1235 2597 1295 2644 ve·

121 2696 151 2741 ns
171 2670 286 2743 armis
315 2668 353 2739 in
380 2664 499 2765 sugam
530 2664 662 2753 vertit,
687 2666 771 2737 dum
793 2665 1011 2762 problemata
1031 2665 1140 2739 neslra
1167 2668 1297 2765 quihus

122 2773 165 2840 lis
184 2770 247 2864 ipsi
268 2767 428 2861 impares
454 2763 560 2835 eratis
585 2761 738 2835 feliciter
759 2763 950 2852 enodavit,
976 2763 1090 2861 quid,
1117 2766 1263 2865 inquam
1284 2819 1296 2857 ,

122 2898 129 2933 r
151 2867 387 2941 Berooulliur
406 2863 505 2935 vobis
520 2862 685 2935 omnibus
711 2859 758 2932 cll
777 2858 966 2936 infensus?
988 2887 1033 2933 an
1050 2861 1131 2936 ideo
1149 2864 1292 2942 uniuer-
1313 2897 1384 2982 pgg,
1406 2891 1482 2969 ,ω’

122 2969 212 3064 ιςὶοε
237 2968 393 3063 indigne
420 2963 587 3035 tratlavit
612 2971 633 3030 Ρ
657 2960 825 3036 Nimium
852 2959 919 3036 tibi
943 2959 1070 3034 tribuit
1095 2964 1296 3068 Keillioque

122 3092 172 3136 rm
192 3091 308 3164 putas
330 3066 368 3136 in
386 3087 536 3160 utroque
554 3057 669 3134 vestro
685 3059 796 3132 totius
824 3060 983 3158 Angliea
1002 3062 1157 3134 nationis
1183 3064 1296 3140 hono·

123 3164 221 3237 rlinri
253 3192 266 3251 3
299 3166 366 3236 ille
390 3162 512 3234 saltem
531 3159 672 3234 Thraso
690 3159 855 3248 Atticus,
881 3160 942 3258 qui
969 3183 1093 3234 omnes
1121 3186 1231 3236 naves
1256 3166 1295 3240 in

133 3267 388 3361 appellentes
416 3262 517 3334 adse
544 3262 720 3359 pertinere
747 3260 809 3332 sthi
827 3257 1115 3357 imaginabatur,
1142 3263 1297 3340 multum

125 3411 126 3414 =
152 3366 196 3436 in
225 3388 318 3435 rem
341 3385 476 3434 tantam
497 3359 556 3431 sthi
573 3358 755 3431 tribuerit.

158 3464 304 3551 alius,
335 3462 392 3532 Cl.
413 3459 638 3533 Bernoullius
656 3481 751 3530 certe
770 3456 958 3533 dodlnrurn
979 3458 1299 3566 Anglnrumin'ge·

142 3565 239 3634 rita
267 3561 397 3659 magni
417 3562 551 3656 semper
569 3555 675 3645 lecit,
701 3559 743 3630 de
763 3557 953 3630 Newcono
970 3554 1112 3652 ejusque
1139 3559 1298 3638 inventis

147 3664 316 3732 omma
336 3660 436 3732 laude
465 3657 685 3730 mentionem
709 3654 794 3729 feeit
823 3658 951 3756 quaeis
978 3656 1059 3730 data
1086 3660 1300 3753 occasione,

159 3761 315 3832 iorem
340 3758 401 3854 ipst
419 3761 512 3852 parit
529 3757 706 3853 gloriam,
731 3780 838 3854 quam
858 3780 935 3853 quae
953 3779 997 3828 ent
1025 3755 1121 3851 turpi
1149 3761 1302 3835 nonnul·

166 3883 336 3931 rorum
357 3859 562 3930 adulatione
578 3855 749 3954 emergit.
778 3858 867 3926 Sunt
885 3855 991 3925 multi
1011 3852 1072 3924 alii
1100 3879 1143 3926 ex
1162 3859 1303 3935 Britans

179 3958 313 4046 viri,
342 3980 433 4055 quos
456 3954 689 4026 obdoslrinae
717 3951 971 4049 prollantiarn,
1000 3951 1141 4048 ingenii
1154 3981 1303 4032 acumen

164 4059 432 4156 probitatem
453 4053 607 4144 impense
624 4055 742 4124 laudat
764 4054 799 4123 dt
818 4075 914 4125 ornat
931 4055 988 4124 Cl,
1003 4053 1302 4129 Betuuulliusnu·

139 4153 686 4250 tenimAngliallallepum,
712 4152 924 4248 Craigiunt,
953 4155 1172 4240 Burnetum,
1199 4154 1305 4225 ahot·

148 4282 211 4329 οε
236 4261 505 4339 Geometras,
530 4253 657 4346 quihus
684 4249 815 4322 metito
833 4249 1062 4326 ecoeol'cmne
1092 4252 1303 4326 Moivteum

150 4355 352 4430 ascendi
381 4351 478 4422 liirte
495 4353 669 4436 Gallum,
693 4352 801 4444 longa
830 4372 951 4420 tomen
982 4345 1206 4420 hebetatione
1228 4355 1304 4424 An·

136 4479 257 4529 rum
290 4456 464 4526 virtutes
489 4446 601 4519 animi
619 4450 651 4516 δι
674 4443 888 4544 peretimias
913 4442 1172 4541 ingeniidores
1189 4447 1224 4518 δι
1252 4448 1305 4523 vi·

154 4554 368 4630 honoris
394 4550 495 4618 cultu
523 4545 658 4639 semper
686 4543 911 4640 prosequitur
938 4545 995 4622 Cl.
1020 4544 1305 4619 Betooulliusab

182 4685 235 4734 ru
268 4671 441 4731 autaut
458 4647 585 4745 aquia
601 4642 638 4718 dt
657 4653 781 4732 tuam,
803 4641 903 4742 pund
928 4637 1206 4814 messumkt
1231 4663 1305 4753 ξων

1206 4760 1260 4815 Ήῑ
