3625 5450
390 371 1156 512 Euboicorum
1275 408 1378 542 &ff

108 606 234 686 v'elnt
256 602 481 707 postliminio
503 603 808 705 posuissecaQuod
830 631 918 681 uero
935 609 1056 705 Elegia
1070 614 1142 685 XV.
1158 607 1219 688 lib.
1235 613 1272 686 sl
1285 612 1331 692 de
1350 619 1456 690 vena?
1471 627 1641 702 Adssrud.

112 712 235 788 tione
256 708 379 782 scribit
398 733 416 780 a
435 705 469 778 se
486 705 701 780 instituenda
717 708 755 779 in
774 704 904 780 finibus
924 712 1104 804 Umbriae,
1474 715 1535 775 An·
1555 734 1642 792 1725·

22 810 24 825 ¹
167 877 173 888 ‚
234 816 314 900 Qua
337 808 479 902 formasti
499 810 559 901 suo
584 807 778 880 Clitumnus
795 807 942 898 flumina
968 812 1041 882 luco
1474 788 1522 853 M·
1544 799 1623 876 ³¹¹8·

287 916 431 1005 sategit,
458 904 502 975 (9'
528 908 644 979 reivers
669 911 780 980 abluit
808 910 901 979 unda
926 911 1053 1002 boves,

114 1014 161 1091 id
185 1011 284 1110 nibil
307 1011 344 1082 in
364 1007 588 1083 contrarium
605 1006 713 1081 satit.
742 1012 841 1084 Nam
857 1008 1064 1090 rusticarum
1083 1012 1260 1116 paulisper
1278 1016 1321 1090 ab
1338 1018 1457 1110 Urbe,

117 1140 168 1191 ut
192 1113 356 1189 solebant
374 1107 555 1201 Romani,
582 1110 806 1183 concessurus
826 1134 901 1183 erat
921 1111 961 1183 in
979 1109 1365 1192 amoenissimumillunt
1388 1145 1458 1193 tra·

116 1215 266 1303 fiunt,
293 1236 332 1287 ut
359 1210 511 1284 amicam
539 1211 781 1308 sequeretur.
816 1212 884 1285 Sed
912 1238 1037 1308 patum
1067 1216 1109 1288 de
1138 1214 1192 1287 his
1221 1216 1326 1290 latius
1352 1217 1457 1292 dedu·

121 1316 260 1390 cendit
277 1316 312 1386 in
331 1337 433 1385 tanta
452 1309 688 1401 obscuritate,
718 1333 891 1411 tantoque
919 1311 1072 1388 historiae
1099 1313 1241 1389 desessu
1271 1316 1456 1391 laborave-

120 1417 228 1490 rim.
258 1417 386 1513 Neque
402 1436 463 1484 me
488 1410 683 1484 immittam
712 1410 961 1506 disceptationi
988 1411 1031 1485 de
1054 1413 1169 1512 patria
1188 1413 1389 1513 Propertii,
1416 1415 1456 1491 iu

117 1539 202 1617 qua
217 1513 315 1586 nibil
332 1535 488 1614 unquam
508 1506 696 1588 definitum
716 1510 783 1598 iri,
810 1510 946 1602 sentio,
973 1537 1054 1586 cum
1074 1513 1226 1587 nimium
1244 1514 1456 1614 ambiguita-

120 1640 165 1690 te
186 1616 353 1687 laborent
373 1612 445 1688 tria
461 1610 522 1686 illa
538 1612 640 1704 loca,
665 1610 794 1712 quibus
814 1614 924 1686 Poeta
953 1615 1107 1686 natalem
1135 1615 1259 1688 urbem
1287 1615 1455 1691 describit

125 1740 209 1791 tarn
232 1741 322 1818 vage
342 1740 382 1787 ac
401 1713 559 1803 incerte,
588 1736 626 1786 ut
645 1711 812 1786 variisne
840 1712 1036 1809 disparibus
1056 1715 1209 1788 omnino
1231 1715 1373 1813 oppidis
1392 1715 1454 1791 isla

120 1815 267 1917 poffint
285 1813 475 1913 applicari.
503 1814 748 1908 Trevolrienses
764 1814 936 1889 accedunt
955 1812 1136 1890 sententia
1146 1813 1283 1911 josephi
1309 1817 1455 1929 Scalige-

122 1918 160 1989 ri
190 1917 225 1987 δε
247 1917 331 2001 Jrrn‘
349 1916 492 2010 Druse,
520 1914 749 2012 Propertium
769 1916 913 1989 Ameriae
928 1912 1212 1989 vindicantium.
1237 1914 1335 1991 Huic
1356 1937 1453 1988 entnt

120 2014 268 2118 oppido
294 2014 435 2115 egregie
463 2036 545 2112 apra
575 2015 643 2087 else
671 2012 751 2087 illa:
1392 2056 1396 2062 ·

231 2155 373 2234 Umbria
397 2154 539 2227 temris
563 2155 706 2252 antiqua
729 2155 911 2251 penatibus
936 2159 1027 2233 edit.

187 2277 189 2279 ·
286 2254 457 2327 Mentior?
484 2282 529 2330 art
549 2259 669 2354 petriae
694 2260 846 2351 tangitur
871 2283 929 2327 ora
955 2278 1040 2349 tttae,
1104 2333 1109 2341 ,
1239 2298 1248 2308 ·

231 2358 311 2444 Qua
335 2351 597 2450 nebulosarum
625 2375 714 2429 rorat
737 2357 903 2452 Meuania
929 2378 1066 2454 tempo,

281 2463 328 2529 Et
352 2459 444 2529 larus
467 2455 590 2545 aellr'vit
614 2458 741 2552 t'rrtrptt
765 2458 884 2529 Umber
909 2455 1027 2552 aquis:

229 2558 496 2653 Suadentisqee
520 2554 606 2628 arcis
631 2547 801 2652 consurgit
827 2556 956 2627 vertice
981 2580 1119 2649 murus,

169 2736 189 2745 „
280 2665 405 2735 Mum
428 2658 472 2731 ab
497 2658 629 2755 ingenio
656 2659 763 2735 notior
787 2656 847 2731 ille
872 2665 963 2729 tue?
1019 2724 1026 2733 .
1082 2726 1089 2733 .

114 2786 159 2898 ³„
185 2800 287 2874 Naro
297 2799 463 2869 Ameriam
481 2789 841 2869 Mevaniarvicinam
862 2791 897 2863 dt
917 2790 957 2865 in
974 2789 1067 2864 colle
1081 2787 1185 2864 fitam
1205 2788 1292 2864 esse:
1321 2793 1453 2868 Meva-

131 2952 162 2993 ‚,
191 2905 286 2977 niam
304 2896 411 3001 ipsam
436 2920 525 2971 vero
549 2890 704 2992 intelligi
725 2917 797 2967 nnn
817 2891 935 2990 posse,
960 2916 1040 2971 cunr
1059 2890 1097 2969 in
1113 2890 1207 2965 valle
1220 2891 1453 2988 procumbat,

124 3048 156 3094 ‚,
181 3000 262 3076 latis
283 2998 492 3098 proposierit
518 2992 677 3091 eampis,
708 3016 752 3070 ut
774 3017 853 3067 eam
879 2992 986 3063 Silius
1012 2992 1155 3071 stilicus
1178 2988 1347 3073 describit
1374 3020 1387 3064 a
1414 2992 1451 3065 Bt

126 3150 156 3193 ‚,
179 3100 409 3202 Propertium
429 3096 512 3172 saria
530 3096 624 3170 clare
643 3095 685 3169 de
703 3093 772 3167 alia
791 3091 897 3181 urbe,
923 3088 1451 3189 Mevaniaeeampiaconrigua‚

127 3207 217 3295 „dt
235 3203 334 3300 cujus
352 3197 448 3273 muri
467 3196 503 3271 in
522 3196 613 3269 colle
632 3191 843 3282 ascendant,
869 3191 989 3290 loqui.
1018 3243 1043 3281 „
1070 3194 1207 3263 Verum
1226 3189 1324 3259 loeus
1346 3188 1376 3258 is
1399 3186 1451 3259 di·'

133 3305 250 3379 versas
275 3299 533 3405 explicationes
552 3289 734 3383 admittit,
749 3292 797 3362 ’δι
815 3291 853 3365 in
873 3287 1016 3389 singulis
1044 3287 1198 3360 verfibus
1219 3285 1376 3381 ,fluuuat
1401 3285 1450 3358 le-

133 3402 230 3478 trio.
244 3394 397 3503 'traque'
431 3388 635 3473 uantumvis
652 3391 724 3465 baec
738 3389 879 3462 ‘incerta
898 3386 986 3477 stnt,
1013 3387 1363 3462 idomninoe'ertum
1378 3382 1452 3476 est,

133 3526 369 3581 monumento
392 3426 457 3573 iso
475 3489 712 3593 Hispessensi,
739 3487 874 3565 etiamst
894 3486 1095 3562 indubitate
1115 3512 1181 3588 pro
1194 3482 1454 3587 genuinoPro·

131 3604 243 3704 pertii
263 3621 503 3678 monumento
522 3591 706 3693 sepulcrali
735 3589 997 3689 agnoscendum
1023 3586 1152 3678 soret,
1178 3584 1269 3661 nihil
1298 3584 1450 3659 ulterius
1469 3582 1540 3668 Ptg·
1561 3601 1629 3668 372·

126 3703 338 3780 confirmari
368 3700 488 3801 posse,
514 3718 620 3795 quant
633 3718 712 3766 eum
727 3688 1210 3790 Hispelsirumulatumefl'ea
1238 3685 1280 3758 ad
1294 3685 1448 3782 patriam

127 3830 217 3880 vero
234 3802 455 3906 probandam
474 3794 623 3870 eundem
643 3792 796 3884 lapidem
817 3789 911 3860 nihil
930 3783 1320 3885 professoconducere.
1346 3781 1447 3872 Quid

126 3905 242 4009 igitur
256 3900 450 4009 probabit,
477 3921 532 3973 tot
555 3889 776 3996 argumentis
791 3886 827 3962 ei
843 3883 952 3963 sidem
972 3881 1249 3984 derogantibuei
1286 3926 1312 4001 ‘.
