3625 5450
247 286 1013 414 Eauuruonun
1152 316 1239 427 2&

115 501 310 604 pulmonum
325 505 397 583 effe
412 509 724 591 continuationem
741 516 890 616 plenta,
915 525 952 599 dt
970 546 1153 610 externam
1170 539 1313 637 quidem
1330 567 1494 645 noant.

98 604 193 678 nonis
225 604 268 679 ab
300 604 445 685 interna
473 611 636 707 pleurae,
670 610 850 694 internam
887 626 1068 723 pulmonis
1094 634 1137 710 ab
1164 660 1309 717 externa
1333 655 1390 715 An.
1409 670 1494 729 ¹7²4·

98 730 148 777 ura
164 726 278 778 ortum
297 707 462 794 trabere,
487 734 593 810 atque
608 712 787 790 internam
808 721 1006 837 ellemagis
1033 751 1173 810 tenuem
1194 763 1310 814 exter·
1330 730 1378 793 Μ·
1405 731 1473 805 1⁸¹¹·

98 857 100 887 .
121 828 184 902 qua
198 802 267 879 acri
287 803 476 879 tranfitum
496 833 623 909 neget,
647 815 819 912 quamdiu
836 819 964 896 viscere
990 826 1053 901 suo
1070 832 1246 928 adhaeret,
1271 842 1315 915 ab

98 904 148 974 lem
164 926 242 976 vero
260 902 421 1003 separata
439 908 589 985 eundern
609 913 813 1008 permittat.
840 920 968 997 Fibrat
985 977 996 1013 ,
1013 950 1099 1025 quas
1116 936 1227 1037 uulgo
1240 962 1315 1015 car·

98 1024 118 1072 tt
131 999 177 1072 ltu
201 1001 413 1085 musculosus
431 1007 497 1079 else
516 1009 732 1108 perbibent,
758 1016 948 1094 seeundum
967 1023 1231 1124 longitudinem
1256 1062 1316 1112 ar·

98 1100 129 1172 iae
142 1097 247 1198 aspere
261 1127 304 1177 ae
325 1105 489 1181 omniunt
507 1107 581 1205 ejus
598 1110 900 1193 ramificntionum
921 1126 1101 1220 protensas
1118 1129 1180 1204 infi
1208 1134 1244 1207 ni
1260 1158 1316 1209 tte

98 1199 175 1271 ritate
187 1225 220 1273 ac
236 1198 451 1278 eltssicitate
468 1206 641 1304 gaudete,
666 1214 826 1287 colorem
854 1242 944 1293 aero
969 1222 1114 1299 rubrum
1133 1160 1312 1310 traberea

100 1296 322 1395 insanguiferia
338 1302 531 1379 admodum
548 1303 756 1404 subtilibus,
779 1338 855 1414 qua
873 1316 996 1392 iisdem
1008 1320 1311 1406 sociatacommu·

103 1400 214 1495 quadarn
231 1399 479 1479 membranula
494 1403 747 1484 involvantur.
773 1414 1052 1494 Abelillicitate
1071 1421 1196 1500 barum
1208 1428 1312 1505 fibra·

98 1520 133 1584 n,
151 1522 212 1594 qua
224 1497 335 1574 etiam
353 1497 429 1598 pou
446 1526 601 1580 mortem
621 1508 784 1583 animalia
800 1513 1051 1610 conservatur,
1068 1526 1219 1621 pendere
1237 1553 1312 1602 nto·

98 1596 350 1694 npulmouum.
378 1600 630 1679 Membranam
658 1607 913 1687 brourbiorum
932 1614 1112 1695 internam
1140 1648 1221 1700 curn
1250 1654 1311 1700 ex·

98 1719 135 1767 ua
154 1697 272 1771 tandem
302 1695 435 1788 coire,
460 1727 682 1804 nequaquam
701 1709 842 1787 veroin
870 1712 1041 1789 vesiculas
1066 1718 1163 1795 abire
1189 1777 1198 1798 .
1225 1727 1312 1800 Sub-

98 1792 184 1965 tlt
197 1795 1312 2012 tlttltltlttgtlr‘tt{il‘tlttuttlt’istit'

98 2014 124 2061 at
138 1993 320 2070 menbrana
334 1992 516 2073 formaris.
536 2001 582 2075 lu
596 2002 658 2077 baa
674 2003 816 2080 cellulae
831 2006 986 2083 definere
999 2010 1237 2092 subtiliffimas
1254 2045 1310 2093 ar·
1342 2092 1345 2097 .

99 2089 143 2160 rit
163 2091 266 2191 ripeta
280 2091 582 2190 ranificarionea,
605 2126 693 2202 quaa
712 2130 757 2179 ne
784 2130 847 2203 per
872 2108 1145 2211 microscopium
1163 2117 1308 2217 quidem

98 2186 227 2287 linguon
240 2191 317 2269 satit
334 2193 474 2288 liceat„
488 2197 643 2274 Lobulot
654 2204 722 2277 effe
741 2204 928 2302 portiones
945 2231 1097 2286 textura
1114 2211 1309 2317 spongiola

98 2289 217 2365 ubraua
230 2291 413 2373 involutae
429 2294 672 2374 &interstitia
697 2310 795 2403 (qua
813 2304 849 2380 in
869 2332 906 2380 re
923 2334 1003 2381 cum
1025 2312 1215 2411 Maspigbr'o
1232 2314 1309 2391 sen·

99 2390 233 2489 )rrpltri
248 2392 507 2473 membranulis
533 2398 634 2474 valde
655 2403 848 2485 tenuibus.
872 2404 1037 2506 Singulae
1064 2413 1169 2487 uoiut
1194 2413 1308 2489 lobuli

98 2489 241 2565 luittarre
264 2518 336 2569 uua
353 2492 482 2590 repleri
497 2495 702 2600 iterumque
719 2502 871 2600 depleri.
899 2510 1034 2578 Aerem
1062 2533 1134 2581 non
1161 2510 1308 2586 transtro

101 2586 282 2667 lobulouoo
304 2590 343 2666 iu
362 2593 537 2682 alterum
560 2598 711 2671 transire
724 2598 1115 2693 tamenininterllitin‚
1131 2609 1309 2706 exquibut

98 2687 362 2774 anisrltntiffime
388 2691 519 2770 itrrtun
544 2695 770 2796 egrediatur,
796 2697 847 2771 ita
876 2721 914 2772 ut
942 2697 980 2773 in
1007 2701 1244 2802 exspiratione
1269 2707 1309 2781 in

98 2788 191 2864 natu
204 2789 375 2890 persistat.
403 2790 609 2872 interstitrit
634 2795 767 2870 nullam
795 2798 862 2875 elie
879 2795 916 2871 in
933 2797 1022 2874 statu
1041 2803 1194 2877 naturali
1213 2804 1310 2877 inter

98 2890 443 2983 communicationem,
467 2893 682 2995 qualorum
700 2921 772 2973 non
789 2896 939 2990 lrabeat,
964 2899 1028 2974 nis
1049 2900 1163 3001 ruptis
1191 2901 1226 2976 vi
1246 2900 1310 2978 fla·

110 2987 236 3063 uiolenti
253 2991 497 3069 membranis.
523 2997 659 3070 Ramos
684 2997 895 3072 arteriarum
924 3024 966 3071 ex
992 3025 1067 3078 ano
1083 3002 1206 3075 lobulo
1234 3026 1307 3077 non

99 3088 184 3183 gredi
203 3088 238 3166 ia
259 3092 443 3182 alterumn
469 3089 527 3165 sed
554 3119 841 3197 unumquemque
869 3122 930 3196 per
949 3096 1048 3172 suum
1067 3100 1227 3172 lobulum
1255 3126 1309 3173 ra·
1357 3135 1361 3144 ·
1436 3109 1440 3122 ’

98 3185 199 3278 icari,
221 3189 331 3264 donec
345 3189 463 3290 tubuli
485 3192 672 3291 tapillaaea
689 3220 769 3270 cum
794 3196 946 3271 uasoulit
962 3198 1185 3296 capillaribus
1201 3222 1309 3273 vena·

98 3287 377 3387 ncongredientet
395 3287 553 3368 forment
572 3291 762 3370 reticulum
789 3294 876 3368 illud
895 3294 1148 3371 admirandum
1177 3324 1197 3372 a
1216 3299 1309 3370 Mas·

98 3385 325 3468 intuentum
353 3444 364 3466 .
398 3387 835 3505 Anatomia'pulmonurn
862 3395 1018 3474 eundem
1041 3399 1234 3469 Helvetium
1262 3396 1306 3470 ad

98 3482 254 3564 leuitatem
273 3489 454 3589 quandam
484 3489 584 3584 circa·
605 3493 874 3568 circulationem
892 3493 1069 3595 sanguinis
1083 3498 1307 3572 enodandam

98 3584 161 3659 tait
182 3640 192 3660 .
211 3591 286 3660 ¹Ne
314 3587 555 3690 ingurgitatio
578 3590 716 3684 aecidat
742 3594 780 3667 in
805 3594 984 3669 alterutro
1011 3594 1175 3669 vasorum
1206 3593 1308 3689 syrte·

98 3712 126 3774 r,
152 3688 359 3774 tantundem
376 3686 556 3790 languiuia
575 3691 706 3766 eodem
727 3716 913 3772 momento
931 3690 968 3765 in
988 3693 1136 3767 arterias
1154 3694 1307 3793 propelli

98 3810 130 3875 r,
156 3810 333 3887 quantum
362 3788 499 3862 avenis
519 3785 751 3888 offunditur.
778 3792 1013 3868 Ventriculus
1038 3793 1155 3871 cordia
1183 3792 1468 3904 dexterp23‚15,

106 3910 256 3974 anneto
272 3911 443 3968 venarum
473 3901 534 3986 ptr
552 3891 682 3989 corpur
696 3887 928 3990 dispersarum
954 3886 1138 3981 systemata
1164 3886 1307 4004 superet

98 3985 235 4060 :itatem
255 3987 447 4064 ventriculi
475 3985 599 4064 sinistri
621 3991 657 4060 bt
680 3989 812 4064 annexi
839 3988 1049 4064 arteriarum
1077 3987 1269 4085 lyliematrs
1296 4022 1306 4065 t

98 4086 182 4159 &aria
207 4109 331 4162 autem
349 4087 518 4178 ratione,
544 4088 753 4163 observante
773 4091 959 4179 Heluetia,
985 4088 1132 4181 systema
1158 4089 1309 4163 anterio·

100 4212 122 4257 n
141 4185 381 4285 pulmonibus
396 4187 538 4286 superat
553 4186 702 4277 systema
724 4188 898 4263 arenosum
919 4244 928 4263 .
955 4191 1032 4284 lpse
1059 4188 1173 4288 igitur
1194 4212 1309 4299 'venat

98 4284 223 4360 tuales
240 4310 323 4364 cum
342 4284 613 4360 finistroicordis
632 4285 838 4361 ventriculo
862 4288 898 4359 δι
926 4312 1067 4363 anneto
1094 4308 1308 4361 arteriarum

98 4406 183 4457 tate
200 4384 366 4481 concipit
385 4383 493 4458 instar
519 4384 604 4459 talis
630 4386 733 4460 unius
748 4384 985 4485 angustioris,
1011 4387 1048 4458 δε
1068 4383 1216 4460 arterias
1235 4385 1310 4482 pul·
1366 4487 1370 4493 ¹

98 4485 147 4556 lea
166 4505 257 4555 cum
275 4486 403 4557 dextro
420 4483 537 4559 cordis
562 4485 769 4560 uentriculo
795 4489 830 4557 δι
849 4509 989 4561 anneao
1016 4508 1187 4558 venarum
1206 4480 1311 4577 sylle-

98 4580 219 4657 instar
240 4582 329 4658 aaut
346 4583 491 4662 alterius
509 4583 703 4683 capacioris
713 4594 730 4658 ς’
750 4587 803 4664 Ut
823 4608 943 4666 autem
962 4607 1149 4683 appareat,
1174 4604 1310 4692 urrunn-

98 4705 153 4770 ra,
185 4681 227 4753 dt
248 4680 447 4782 angustius,
476 4687 512 4758 bt
529 4681 720 4784 caputius,
744 4683 891 4759 eandem
907 4681 1151 4780 quantitatem
1171 4680 1311 4790 langut-

98 4786 178 4857 'orm
200 4783 237 4853 V
241 4784 267 4858 Ι.
885 4783 924 4855 N
934 4808 959 4857 ¹²
1209 4802 1263 4852 ¹¹¹⁸
