3625 5450
327 302 1091 413 EuudironuM.
1211 309 1320 453 ὼγ

78 552 155 609 nou
170 525 394 619 conveniat,
417 523 477 617 u,
504 523 655 598 inuento
678 521 766 614 linc,
795 523 945 600 ulterius
959 526 1198 628 inquirendo,
1222 529 1393 631 quidnam
1412 550 1574 620 ulmeus.

79 654 164 707 cum
184 631 337 704 invento
357 627 420 700 illo
436 625 494 697 ael
505 625 727 716 consentiat,
746 623 804 695 vel
822 650 893 698 nnn
910 627 1133 720 consentiat,
1151 653 1189 702 ut
1201 627 1268 707 hoe
1281 631 1390 730 polle·
1415 634 1572 709 ll⁰·1728·

79 731 180 820 rius,
208 729 386 803 mediante
406 724 541 825 priori,
557 724 600 798 de
616 722 688 823 ipsa
706 748 793 796 noce
813 726 894 798 data
914 729 971 798 vel
988 729 1168 803 affirmate
1187 734 1244 803 uel
1260 756 1388 831 negare
1410 705 1572 799 motion

78 829 272 929 poffimus.
303 854 334 922 3.
352 820 437 900 Vox
454 823 538 914 illu,
555 847 629 923 qua
646 846 722 897 rem
741 820 937 923 fignificat,
957 827 1014 900 cui
1035 828 1206 928 quidnam
1225 831 1281 902 vel
1295 857 1391 908 cotii-

78 952 206 1028 petat,
223 927 280 1000 vel
303 948 375 999 non
394 947 600 1022 competat,
618 922 854 1024 inquirimus,
870 923 905 996 in
918 927 1137 1025 Syllogismo
1156 929 1289 1003 dicitur
1308 934 1391 1004 Ter·

78 1029 194 1099 sitinus
220 1026 351 1099 minor:
381 1026 416 1099 id
437 1048 574 1112 omne,
600 1048 674 1121 quo
691 1022 900 1114 mediante,
926 1024 1192 1124 intelligimus,
1217 1028 1390 1127 quidnam

39 1124 42 1129 ’
75 1152 164 1200 cum
187 1151 276 1199 uoce
295 1124 356 1199 illa
375 1127 431 1198 uel
449 1121 669 1211 consentiat,
692 1124 749 1194 vel
768 1148 842 1194 non
865 1123 1090 1216 consentiat,
1115 1126 1247 1199 dicitur
1266 1130 1392 1211 Termi·

77 1253 147 1297 nus
166 1228 310 1297 medius:
341 1226 375 1298 id
394 1248 534 1312 autem,
558 1221 654 1318 quod
672 1220 756 1294 voci
778 1223 838 1293 vel
856 1225 1054 1321 competit,
1080 1228 1138 1298 uel
1157 1245 1229 1299 noir
1250 1253 1392 1328 compe·

77 1325 154 1414 tit,
184 1327 218 1395 dc
248 1325 285 1400 in
312 1323 424 1424 priori
451 1324 515 1394 illo
543 1319 690 1411 medio,
717 1344 781 1394 cur
809 1322 888 1393 uoci
919 1325 975 1393 uel
1002 1346 1214 1421 competat,
1242 1329 1297 1397 vel
1318 1354 1392 1411 non

76 1446 305 1519 competat,
340 1422 515 1496 rationem
553 1418 789 1492 sufficientem
820 1422 979 1518 agnoscit
1008 1479 1020 1512 ,
1054 1424 1186 1500 dicitur
1215 1426 1391 1501 Terminus

76 1525 231 1606 Major.
262 1521 457 1596 Terminus
482 1520 616 1595 Minor
642 1521 677 1590 or
703 1519 898 1593 Terminus
925 1521 1050 1618 Major
1077 1525 1186 1599 etiarn
1213 1548 1391 1605 uocantur

80 1623 270 1693 Extrema.
296 1619 395 1694 Hinc
412 1619 478 1709 fit,
503 1616 599 1692 utin
626 1617 727 1691 omni
744 1619 961 1716 Syllogismo
987 1642 1028 1695 eit
1049 1629 1203 1698 Termino
1221 1628 1353 1701 Minore
1378 1681 1391 1721 ,

82 1745 146 1816 per
177 1719 366 1791 Terminum
393 1720 568 1809 Medium,
594 1716 798 1792 inueniatur
826 1720 1002 1793 Terminus
1021 1726 1153 1814 Major.
1180 1755 1214 1810 4.
1243 1732 1300 1801 Ex
1329 1727 1391 1800 tri·

81 1818 144 1890 bus
164 1818 328 1892 terminis
344 1819 443 1912 Syllo
472 1818 550 1890 ismi
562 1869 574 1908 ,
598 1817 694 1891 inter
720 1816 752 1893 se
771 1819 1007 1910 combinatis,
1034 1827 1200 1898 oriuntur
1218 1825 1255 1898 in
1274 1828 1389 1920 Syllo·

82 1917 202 2014 gismo
232 1942 302 1990 tres
325 1845 583 2013 Propuliiionet.
612 1916 794 2014 Propufirin
820 1922 925 2010 minqr
949 1920 986 1991 in
1014 1923 1230 2023 Syllogismo
1256 1926 1389 1998 dicitur

81 2014 288 2112 Propositio
314 2016 398 2108 illa,
423 2042 498 2116 quae
525 2038 569 2089 eit
595 2017 752 2090 termino
780 2017 920 2091 minore
949 2022 982 2090 oe
1012 2048 1054 2095 eir
1084 2024 1241 2097 termino
1270 2024 1389 2098 medio

83 2114 250 2188 constat.
277 2115 460 2212 Propustiiu
478 2119 585 2205 mujur
615 2117 650 2190 in
669 2117 886 2216 syllogismo
914 2118 1045 2192 dicitur
1069 2118 1350 2219 illa'Propositio
1377 2170 1389 2210 ,

80 2237 162 2311 qua
183 2212 316 2287 conslat
343 2238 388 2287 eit
417 2215 573 2289 termino
600 2216 730 2311 majore
748 2217 782 2287 or
803 2243 846 2290 eii
873 2219 1031 2292 termino
1048 2220 1192 2295 medio.
1218 2221 1389 2307 Conclufio

83 2334 207 2383 autem
236 2311 273 2384 in
295 2312 512 2411 Syllogismo
540 2340 687 2388 vocatur
714 2314 915 2415 Propofitlo
941 2317 1034 2408 illa,
1060 2346 1136 2419 quar
1162 2342 1205 2391 ex
1232 2319 1391 2391 termino

83 2409 248 2501 minore,
269 2433 437 2510 tanquam
457 2410 633 2502 subjeslo,
651 2415 685 2485 δι
704 2440 748 2485 ex
768 2418 925 2486 termino
944 2415 1100 2511 majore,
1119 2440 1288 2513 tanquam
1308 2443 1391 2516 prae·

85 2507 205 2580 dicato
223 2508 305 2598 suo,
328 2508 483 2582 constat.
511 2511 775 2609 Propositiones
792 2515 907 2610 major
925 2534 1030 2611 atque
1050 2515 1168 2588 minor
1195 2516 1302 2586 etiam
1330 2542 1389 2614 ap·

83 2606 263 2704 pellantur
282 2608 469 2700 Praemiffae3
498 2609 784 2708 &syllogismus
810 2610 846 2682 in
864 2611 989 2684 ordine
1015 2613 1058 2686 ad
1079 2610 1297 2703 Promissus,
1324 2639 1389 2687 uu·

84 2729 226 2779 merum
245 2706 420 2784 binarium
443 2734 506 2782 nec
522 2709 752 2799 excedentes,
773 2733 835 2784 nec
855 2708 1039 2786 abeodem
1061 2708 1286 2802 deficientes,
1314 2712 1390 2785 uul-

81 2806 355 2903 goSyllogisinus
371 2808 555 2904 possessus,
580 2804 636 2884 sed
666 2809 796 2883 refilius
822 2812 983 2907 regularis
1002 2813 1227 2887 nominatur.
1256 2812 1298 2886 ln
1318 2811 1389 2909 spe-

59 2935 62 2939 ·
82 2904 137 2975 cie
160 2929 277 2979 autem
295 2911 514 3003 syllogismus
530 2913 694 3005 regularis
705 2901 846 3006 simplex
864 2933 939 2983 tum
961 2910 1116 3001 dieitur,
1140 2935 1220 2986 cum
1234 2911 1390 2984 Promis·

80 2999 122 3073 sae
150 3005 405 3082 &Conclusio
432 3008 511 3080 sunt
539 3009 801 3110 Propositiones
828 3007 1016 3086 absolutae.
1046 3013 1139 3086 Utus
1168 3012 1263 3085 enim
1294 3010 1391 3084 nulla

80 3102 237 3200 cogitari
257 3105 362 3203 possit
382 3105 602 3206 Propositio,
628 3129 704 3209 qun
722 3123 794 3182 non
813 3110 849 3183 in
869 3109 1078 3211 hypothesin
1105 3109 1201 3184 suam
1220 3112 1255 3182 dr
1274 3109 1388 3183 thulin

78 3202 300 3295 resolubilis,
327 3204 360 3280 li.
379 3229 410 3279 e.
436 3207 640 3282 virtualiter·
667 3207 921 3282 conditionalis
948 3209 1009 3285 fit:
1038 3211 1098 3284 illa
1126 3229 1246 3283 tamen
1274 3212 1391 3307 uulgo

77 3300 263 3396 Pripnstiiu
277 3307 425 3401 ulfulam
444 3303 596 3396 dicitur,
618 3303 656 3380 in
672 3334 741 3408 qua
761 3309 986 3407 praedicatum
1007 3357 1018 3400 ,
1038 3309 1109 3395 fine
1122 3308 1310 3381 conditione
1334 3333 1393 3376 eii·=

75 3400 221 3493 Μὴ,
246 3405 288 3476 de
312 3403 468 3499 subjeno
486 3408 542 3478 uel
559 3407 777 3500 affirmatur,
806 3410 863 3482 uel
893 3429 1063 3507 negatur.
1093 3407 1135 3482 lo
1154 3404 1392 3507 syllogismos

79 3497 264 3597 regulares
279 3499 448 3601 simplices
467 3502 594 3579 resolvi
613 3509 753 3606 possunt
771 3531 894 3584 omues
911 3510 1118 3609 Syllogistni
1136 3507 1387 3605 irregulares,

80 3594 333 3696 &syllogismi
352 3599 527 3700 regulares
544 3608 751 3723 compositi.
784 3631 813 3702 ς.
832 3611 933 3694 Bauer
954 3630 1070 3683 autern
1091 3634 1134 3681 eit
1155 3612 1215 3700 §.3
1238 3604 1388 3679 inomni

80 3693 300 3793 syllogismo
319 3702 470 3802 regulari
490 3703 662 3800 simplici,
690 3733 752 3801 per
775 3712 938 3778 ordinem
958 3710 1140 3800 cogitandi
1160 3708 1355 3777 naturalem
1374 3749 1391 3791 ,
1407 3679 1475 3769 ¹³³8·
1498 3702 1565 3767 470·

79 3793 366 3891 Propositionem
405 3802 583 3871 minorem
617 3799 810 3894 praecedere
842 3799 968 3872 debere
997 3800 1280 3911 Propositioiiem
1316 3825 1389 3871 ma·

79 3891 228 3989 iorem:
257 3895 291 3970 dr
320 3895 412 3975 liuns
430 3896 595 3970 ordinem
622 3896 839 3987 analyticum
858 3893 1033 3968 inservire
1052 3897 1254 3970 inventioni
1272 3916 1284 3982 ⁶,
1310 3897 1391 3969 vul*

78 4011 206 4091 garem
233 4017 349 4071 autern
378 3994 620 4091 synthe'ticum
645 3991 817 4068 inseruire
844 3993 1042 4070 dosirinas.
1071 4006 1103 4068 6.
1129 3996 1256 4092 Figura
1281 3997 1387 4093 Syllu-

76 4093 184 4185 gitmt'
209 4091 246 4169 in
265 4121 394 4198 genere
412 4117 484 4171 non
503 4093 577 4185 est,
603 4093 665 4169 nili
683 4095 829 4168 termini
851 4094 960 4168 medii
978 4093 1159 4193 dispositio
1177 4095 1213 4170 iu
1234 4091 1393 4197 prunis-3

78 4189 219 4266 fiscum
240 4197 401 4270 termino
418 4193 557 4270 minore
576 4189 612 4268 dt
631 4194 788 4268 termino
816 4188 979 4292 majore.
1005 4217 1038 4286 7.
1062 4197 1156 4267 Finis
1183 4217 1302 4269 autem
1327 4194 1390 4264 fia

74 4313 168 4385 gnrae
186 4285 234 4364 est
254 4291 451 4369 infallibilis
471 4291 586 4368 illatio
603 4313 694 4369 uerae
712 4293 860 4393 alicujus
880 4294 1116 4370 conclusionis
1135 4295 1170 4368 dt
1188 4296 1281 4367 ueris
1302 4317 1387 4390 prai-

76 4390 189 4462 miflis
201 4441 212 4478 ,
255 4415 291 4461 er
310 4389 455 4467 termini
475 4383 583 4468 medii
603 4389 866 4493 dispositionum
886 4419 966 4468 eum
979 4395 1170 4483 extremis,
1189 4388 1388 4492 inpromis-

77 4485 119 4559 fis
149 4418 382 4563 riteiaslam.
413 4497 444 4564 8.
471 4493 509 4565 si
528 4518 612 4569 vera
640 4491 819 4568 concluso
836 4489 1073 4569 infallibiliter
1091 4494 1389 4566 inserat-urentur«

79 4585 129 4658 ris
152 4585 361 4685 praemialis,
389 4613 451 4690 pet
476 4591 742 4693 dispositionem
771 4587 927 4693 aliquam
946 4593 1094 4669 termini
1112 4588 1221 4669 medii
1239 4592 1389 4761 inffpra·

7 4719 8 4726 ¹
1229 4709 1276 4764 mi
1308 4714 1337 4762 is
