3625 5450
206 291 1100 398 .E1tudl'roteun1.
1224 325 1313 439 573

12 503 19 550 ²
85 517 126 591 sn
143 514 185 588 nd
203 512 314 587 finum
334 504 459 607 anguli
478 507 545 580 Bel
564 503 601 577 in
621 501 801 601 reciproca
819 504 958 579 ratione
984 507 1227 607 potentiarum
1245 512 1387 587 trahen-
1403 495 1565 586 tuetur.

12 605 18 649 ²
49 669 66 680 .
84 618 202 703 tium,
229 613 288 684 vel
309 606 569 725 prementium,
599 603 666 676 hoc
695 603 817 703 utique
839 604 984 678 veritati
1002 608 1203 682 consentire
1223 611 1384 710 percepi3
1409 603 1565 694 Ass·¹7²‚j‘e

11 707 16 750 ²
84 740 195 814 quare
212 710 342 799 didici,
369 704 591 807 querendam
620 728 691 776 non
710 700 834 776 esseio
860 703 1040 805 principio
1060 708 1300 803 mechanico,
1326 710 1384 788 sed
1406 676 1451 742 Μ’
1465 679 1565 755 lm‘

83 814 124 888 in
141 811 217 905 eius
234 805 495 908 applicatione,
513 803 779 877 difficultatem·

12 908 13 946 ³
81 950 92 980 ι
134 917 188 985 Ut
209 906 479 987 hecelatebris
499 927 671 993 eruatur,
699 919 914 1004 propagetur
942 904 1059 981 rudius
1086 908 1123 981 in
1153 908 1281 986 aethere
1309 962 1320 1001 ,
1348 913 1385 1000 ὃς

15 1038 19 1062 ’κ
83 1009 260 1111 ingressus
283 1007 320 1080 iit
348 1013 489 1094 aerem,
514 1028 557 1076 ex
573 1002 640 1074 hoc
659 1001 812 1075 transeat
841 1003 877 1075 in
907 1030 1055 1102 aquam,
1083 1031 1126 1079 ex
1146 1008 1265 1102 tpedio
1288 1035 1384 1085 nem-

84 1137 131 1206 pe
151 1107 285 1181 rariore
312 1106 348 1178 in
368 1102 531 1188 densius,
557 1103 592 1172 dt
617 1100 654 1172 in
683 1099 750 1172 hoc
777 1099 926 1174 traofitu
956 1103 1205 1178 refractionem
1226 1106 1347 1183 subeat
1372 1149 1410 1184 .»

82 1214 212 1299 Quum
228 1204 354 1278 ‘tranfit
373 1202 489 1275 radius
508 1205 560 1272 Ae
579 1224 639 1298 per
659 1197 813 1271 medium
833 1202 946 1273 rarius
967 1206 1104 1294 ADC,
1131 1206 1174 1278 ab
1201 1204 1302 1305 hujus
1328 1233 1382 1279 re·

84 1304 243 1378 sullentia
270 1302 472 1375 retunditur
489 1297 531 1372 ab
547 1325 565 1367 e
583 1297 702 1371 versus
722 1303 774 1372 A:
804 1298 1023 1397 perspicuum
1044 1300 1090 1374 est
1111 1328 1258 1396 nutem,
1284 1307 1380 1405 quod

84 1405 117 1476 in
135 1402 254 1501 agitur
271 1398 455 1485 transitus,
481 1396 565 1496 quia
584 1395 671 1472 inest
693 1395 791 1471 radio
808 1398 863 1471 vis
873 1398 915 1489 f,
941 1424 1017 1498 quae
1033 1400 1252 1501 impenditur
1269 1405 1306 1479 in
1326 1403 1380 1478 lu-

84 1497 358 1597 p'erandn'ipstus
378 1495 485 1568 medii
507 1493 728 1586 refillentia,
754 1521 794 1568 ac
814 1495 921 1570 etiam
941 1499 1161 1598 perspicuum
1179 1499 1256 1591 est,
1281 1504 1377 1602 qnod

84 1602 158 1674 ltaec
175 1599 228 1669 vis
238 1599 265 1688 f
276 1595 443 1695 dirigitur
470 1595 514 1668 ab
532 1600 565 1668 A
577 1581 705 1672 „verlits
723 1622 741 1664 e
764 1649 775 1685 ,
804 1593 840 1667 dt
867 1595 914 1668 ob
939 1596 1052 1695 legem
1080 1598 1231 1674 allionis
1249 1602 1284 1675 ἀ
1300 1628 1377 1677 rea·

83 1698 215 1772 ilionis
233 1718 388 1795 nequatur·
408 1691 602 1767 refistentiae
622 1693 724 1791 lpfius
743 1693 851 1767 medii
872 1696 1003 1768 ADC.
1032 1700 1154 1789 Quare
1172 1698 1376 1799 colligitur,
1407 1695 1423 1717 ”

85 1797 176 1870 hanc
207 1796 280 1867 nim
301 1795 329 1884 f
348 1793 444 1866 illam
470 1792 570 1880 esse,
596 1819 672 1893 quae
699 1793 742 1866 ab
767 1799 905 1866 Autore
932 1793 1120 1868 indicatur·
1138 1795 1192 1869 his
1219 1799 1334 1871 verbis
1361 1832 1370 1874 ε

74 1896 233 1981 firnilirer
248 1895 368 1966 radius
387 1895 538 1987 Aepari
553 1892 595 1963 vi
609 1923 630 1964 a
648 1890 829 1978 restssenria
847 1891 951 1965 medii
971 1896 1079 1968 ADC
1099 1899 1285 1969 retunditur
1300 1899 1373 1972 abc

78 1998 264 2090 versum,
287 2013 414 2089 quauta
431 1991 492 2086 ipss
514 2014 592 2090 opus
608 1991 652 2081 esl
668 1995 864 2102 adxeuudem
889 1990 1101 2088 resistentium
1119 1998 1372 2093 superandam,

71 2094 502 2188 [ciliceradAversuse.
609 2090 614 2109 ”
670 2099 673 2106 ’
944 2097 947 2102 ’
1124 2097 1129 2106 ’

39 2238 47 2247 ·
130 2196 254 2284 Quum
278 2191 398 2266 radius
415 2190 576 2289 peruenit
593 2187 633 2263 ad
651 2189 820 2286 punclum
838 2218 875 2281 e,
894 2189 1001 2266 aliam
1021 2191 1161 2266 invenit
1179 2192 1278 2282 vim,
1294 2219 1371 2293 qun
1424 2193 1444 2211 ⁶

78 2290 192 2389 magis
216 2290 357 2387 repellit
382 2291 480 2362 illam
507 2293 566 2362 aB
585 2288 701 2361 versus
718 2317 756 2381 e,
785 2290 957 2385 majorem
986 2316 1113 2390 nempe
1141 2291 1370 2365 resilientium

79 2389 189 2484 medii
212 2387 381 2462 densioris
408 2391 539 2461 DCB.
566 2391 615 2460 Ut
640 2388 751 2486 igitur
778 2391 894 2462 radius
915 2389 1006 2461 hanc
1026 2390 1197 2487 majorem
1218 2385 1370 2463 refisten·
1398 2447 1405 2454 .

81 2488 168 2562 tiam
187 2487 346 2587 superet,
363 2512 450 2581 opus
463 2484 513 2576 est
529 2485 581 2558 illi
599 2486 672 2557 vim
692 2484 863 2582 majorem
883 2486 1108 2584 impendere,
1127 2514 1202 2589 quie
1220 2487 1373 2586 proinde

80 2588 205 2661 vocari
225 2584 336 2683 potell
350 2585 469 2675 s-l-F.
496 2585 578 2658 Hdc
597 2586 709 2681 polito
729 2609 821 2681 patet
834 2584 1042 2686 hancditigi
1061 2581 1317 2677 abacorum,
1334 2588 1370 2661 ὅ(

80 2686 129 2760 ob
146 2687 262 2785 legem
281 2684 477 2758 allionis&
495 2685 687 2758 reollionis
704 2683 812 2782 ipsam
832 2689 961 2785 equari
985 2685 1180 2761 resistentie
1197 2685 1272 2786 ejus
1299 2712 1371 2761 me·

76 2785 131 2858 dii
151 2783 339 2871 densioris,
365 2786 487 2872 DCB,
516 2784 639 2857 referri
659 2784 789 2857 scilicet
809 2786 881 2858 vim
896 2786 923 2875 f
943 2787 985 2883 ad
1014 2786 1108 2859 illam
1138 2810 1273 2884 partem
1295 2784 1378 2883 resr-¹
1502 2861 1505 2885 ,

73 2882 214 2957 stentiae
241 2881 312 2979 ejus
340 2884 444 2955 medii
471 2881 639 2956 densioris
654 2884 678 2973 ,⁸
692 2896 768 2983 qu'ae
794 2886 934 2985 equalis
961 2884 1008 2956 est
1035 2882 1233 2960 refistentiae
1263 2884 1370 2960 medii

76 2980 245 3071 rarioris,
272 2983 307 3052 &
325 2981 399 3055 vim
416 2985 443 3053 F
459 2983 502 3057 nd
526 2982 700 3056 excelsum
720 3010 831 3083 ,quo
857 2981 1048 3058 resistentia
1066 2983 1174 3058 medii
1201 2983 1382 3059 dendoris·

77 3079 217 3178 superat
236 3082 333 3173 illurn
354 3079 515 3154 rarioris.
543 3087 638 3155 Cum
658 3082 769 3180 igitur
787 3081 1008 3155 manifestum
1024 3082 1085 3173 stt,
1113 3109 1189 3157 earn
1209 3110 1366 3183 agerem
1388 3097 1456 3178 Peg.
1478 3116 1550 3178 279·

77 3178 174 3252 sensu
201 3204 344 3279 quoque
362 3179 568 3269 contrario,
595 3180 727 3253 scilicet
754 3185 815 3253 aB
845 3181 1024 3271 versute,
1050 3180 1275 3254 concluditur
1303 3182 1380 3254 ita-¹
1448 3192 1450 3195 ’

76 3281 328 3377 que,eandem
342 3279 422 3352 uim
437 3279 542 3369 f÷F
570 3278 666 3350 illam
696 3281 786 3366 else,
813 3304 890 3377 quae
917 3280 960 3352 ub
987 3283 1129 3373 Autore
1154 3276 1372 3375 fignificntur

77 3376 132 3449 his
148 3375 226 3448 aliis
250 3377 397 3465 verbis‘e
427 3378 705 3472 Quandoquidem
734 3381 850 3448 radius
874 3380 935 3450 eB
961 3396 1055 3448 tnnru
1081 3378 1123 3447 vi
1148 3374 1374 3465 urestllenrin'

76 3475 177 3549 medii
200 3479 306 3551 BCD
323 3475 498 3573 repellitur
514 3478 572 3551 2ss
597 3480 765 3573 versute,
792 3498 920 3574 quantu
937 3478 1053 3548 rudius
1071 3474 1369 3565 restllenriumeuu·
1428 3554 1430 3559 ,
1553 3545 1561 3559 ,

78 3578 153 3648 dern
163 3576 323 3670 superare
339 3597 493 3650 conetur.
519 3634 524 3643 .
708 3582 711 3587 ’
1260 3658 1272 3669 .

134 3673 205 3749 His
234 3674 412 3773 praemillie
472 3678 670 3752 uaerendum
705 3678 792 3764 ell,
825 3703 869 3750 an
898 3701 981 3748 vera
1009 3676 1260 3774 consequentia
1287 3675 1368 3764 lit,

77 3800 182 3874 quam
204 3772 304 3845 elicit
328 3785 397 3852 Aut
467 3775 618 3847 dicendo
646 3798 655 3839 ε
689 3777 777 3843 Hme
811 3775 847 3843 iu
870 3771 993 3867 puul'ln
1020 3798 1038 3842 e
1062 3770 1107 3859 fir
1131 3770 1303 3863 conflillus
1319 3773 1373 3864 se-

76 3877 226 3946 eundum
252 3874 441 3965 direslipnes
459 3880 542 3963 Ae,
568 3878 648 3962 Be,
674 3873 815 3948 duarum
841 3872 970 3943 virium
996 3874 1210 3965 r'naequulium
1237 3869 1280 3938 &⁰
1306 3895 1372 3939 me·

73 3974 209 4046 diorum
237 3972 424 4061 refilleutiis
446 3974 739 4068 proportionalium
768 4027 776 4045 .
805 3972 912 4044 Vites
934 3971 1150 4070 inaequaleS,
1177 3972 1211 4042 &
1238 3966 1384 4041 medio··

74 4096 156 4147 rum
178 4069 378 4146 resrstentiis
396 4098 460 4169 pro
487 4073 682 4146 ortinocles
700 4085 714 4161 ,'
729 4070 829 4166 juxto
859 4092 1015 4151 mentem
1047 4070 1219 4158 Autoris,
1247 4068 1372 4168 procul

12 4218 15 4254 t
74 4173 189 4247 dubio
211 4168 293 4244 lunt
317 4172 373 4262 Γ,
389 4097 524 4263 Η-ἷῗς
549 4171 742 4247 videndum
770 4168 816 4243 ell
844 4169 981 4268 igitur,
1007 4195 1049 4241 an
1077 4167 1144 4239 iflae
1174 4166 1262 4280 finp,
1289 4192 1372 4264 qua·

74 4298 159 4345 rum
175 4267 364 4373 conflidlus
377 4269 440 4345 fiat
457 4268 493 4342 io
508 4272 641 4367 punsto
657 4299 696 4362 e,
722 4269 918 4357 seeundum,
939 4268 1153 4359 direci-iones
1171 4272 1204 4340 A
1217 4295 1258 4356 e,
1289 4268 1371 4377 Be..

12 4428 20 4471 μ
68 4372 110 4445 si
130 4371 231 4464 viss,
286 4398 335 4446 uae
361 4369 581 4469 impenditur
609 4372 647 4444 in
675 4369 868 4468 superanda
895 4366 1083 4443 resistentia
1103 4364 1208 4438 medii
1227 4364 1373 4438 rarioris

16 4527 20 4539 .
69 4472 210 4563 ADC,
239 4396 631 4562 electrannum,
658 4496 727 4569 qun
754 4469 872 4542 radius
898 4476 1113 4568 propagatur
1143 4465 1181 4538 in
1207 4462 1372 4550 ethere,

12 4642 15 4650 ,
71 4570 292 4672 propagatio
318 4567 420 4643 fieret
446 4570 483 4643 in
513 4570 633 4645 medio
663 4569 799 4643 rariore
827 4593 935 4665 usque
961 4567 1003 4640 ad
1023 4565 1192 4661 pundlum
1221 4590 1273 4674 e,
1298 4586 1372 4634 non

69 4687 191 4753 ntem
217 4672 258 4749 iu
279 4668 438 4749 denfiote
462 4670 557 4747 ultra
576 4669 690 4771 iplurn
713 4665 886 4770 puellum
913 4692 960 4738 e.
981 4664 1078 4741 Nam
1098 4665 1179 4755 vis,
1206 4686 1276 4738 cur
1293 4662 1387 4754 pro-J
1510 4686 1519 4697 ⁷

1160 4786 1167 4818 ι’
1180 4758 1325 4862 purgatio
