3625 5450
338 287 1102 430 Eaun1roaunr.
1206 354 1302 466 575

16 523 25 570 ἶ
79 569 154 634 rum
169 539 384 649 angulorum
402 533 587 638 reciproce
596 529 827 636 respondere,
843 553 1030 640 perperam
1040 543 1188 638 Actor(
1195 543 1235 622 ni
1244 527 1377 639 fallor)
1390 547 1557 625 rnnrut.
1600 599 1603 604 «

16 626 25 740 f
80 681 121 732 εκ
139 646 350 728 mechanico
367 641 430 717 suo
449 638 631 738 principio
650 635 814 736 collegit.
1398 642 1556 732 brayae.

16 751 24 836 ,⁰
97 746 381 850 'Explicatione
409 731 634 815 resrailionis
662 735 915 812 Bernoulliana
942 755 1124 834 nutante,
1148 744 1217 820 illo
1235 767 1378 846 quoquc
1400 717 1555 795 mul·

16 851 20 867 “
82 839 492 937 Ντωοεὶἰ,’3η·ε11ἰί,·ἃ
504 829 675 913 Leibnitii
693 836 856 910 laborant
873 862 885 924 3
913 862 994 913 nem
1014 867 1058 914 ex
1074 839 1240 918 omnibus
1266 843 1379 943 sequi·

15 929 18 968 Ι
83 978 160 1043 tur,
178 943 278 1023 ‘linus
306 942 520 1044 angulorum
547 937 748 1046 incidentia
773 935 810 1009 dt
833 935 1058 1014 resrnslionis
1087 941 1287 1018 resrllontiis
1306 968 1379 1020 me·

16 1061 17 1064 ’
84 1052 225 1125 diorum
253 1045 323 1118 reci
352 1067 435 1116 roce
463 1038 709 1138 respondere3
742 1036 838 1135 quod
876 1039 1103 1137 experientia
1135 1042 1376 1133 adversatur,
1510 1126 1512 1130 ¹
1616 1035 1619 1044 ’

83 1171 164 1225 curn
181 1148 221 1220 in
241 1070 390 1218 transtu
407 1133 497 1213 radii
511 1161 557 1210 ex
574 1163 654 1212 aere
682 1135 719 1208 in
738 1145 864 1235 aquam
894 1137 988 1211 ratio
1011 1139 1150 1215 inversa
1177 1142 1271 1215 inter
1288 1141 1379 1216 finus

83 1248 298 1347 angulorum
317 1238 517 1315 incidentia
533 1239 568 1309 a
589 1231 814 1310 refrab‘tionis
840 1236 938 1311 litut
957 1265 976 1333 3
996 1291 1007 1328 ,
1027 1267 1080 1331 4,
1108 1240 1243 1314 diversa
1273 1241 1380 1313 nimi.

83 1361 165 1420 'rum
192 1345 237 1418 ab
262 1343 320 1414 illa
347 1349 418 1432 (ut
441 1361 455 1406 r
477 1336 521 1410 ad
539 1342 608 1409 800
634 1338 691 1410 vel
709 1359 780 1426 900
801 1343 816 1424 )
841 1333 879 1409 in
896 1361 966 1435 qua
983 1335 1063 1412 sunt
1082 1338 1277 1415 resistentia
1306 1361 1378 1412 tne-

86 1446 247 1520 diorum.
276 1437 444 1536 Reliquas
470 1453 597 1508 ornnes
621 1434 876 1535 explicationes
892 1438 1118 1512 Bernoullius
1144 1439 1262 1541 arguit
1289 1435 1381 1513 falst-

86 1544 167 1619 tatis
185 1538 243 1615 vel
259 1534 386 1626 dubii,
413 1534 682 1611 necimmerito
708 1533 784 1606 illas
797 1534 975 1627 carcesi,
1001 1537 1193 1640 Herigonii
1206 1549 1223 1633 ,'
1238 1567 1277 1614 ac
1306 1542 1381 1615 Ro·

85 1638 267 1726 bervellii,
289 1633 432 1710 elicitur
447 1632 549 1710 enim
566 1662 611 1710 ex
631 1633 764 1711 duabus
782 1633 927 1732 primis,
955 1635 1207 1713 refrablionem
1225 1639 1265 1713 in
1283 1661 1380 1713 tran·

85 1742 148 1815 fito
169 1735 260 1814 radii
277 1759 321 1810 cat
339 1736 475 1809 rariore
491 1734 528 1807 in
548 1733 683 1810 densius
699 1732 898 1807 faciendam
920 1733 988 1807 esse
1008 1751 1079 1809 non
1095 1738 1376 1852 adperpendictr·
1399 1746 1470 1830 Peg.
1492 1743 1559 1809 281.

85 1841 218 1934 larem,
245 1835 302 1908 sed
320 1834 652 1934 aperpeudiculari,
680 1836 713 1905 δι
734 1857 777 1905 ex
795 1832 902 1907 tertia
923 1833 1106 1935 colligitur
1121 1838 1189 1910 elle
1213 1863 1251 1910 nn
1272 1837 1381 1932 ratio·

86 1965 129 2011 ne
148 1933 331 2010 constante
350 1932 556 2024 nonSinus,
581 1934 639 2009 sed
656 1936 865 2032 Tangentes
882 1934 1094 2034 angulorum
1113 1933 1314 2011 incidentiae
1343 1939 1379 2009 δε

84 2032 331 2125 restabiionis,
346 2055 423 2132 qua
438 2029 804 2131 omolaexperientiae
823 2045 1039 2131 repugnant.
1067 2036 1147 2108 Nec
1175 2034 1293 2134 arguit
1311 2034 1378 2107 irn-

84 2133 220 2209 merito
248 2132 323 2206 illas
349 2131 457 2205 eriam
486 2135 547 2204 Hn
574 2132 644 2206 enii
670 2134 705 2204 δι
732 2130 938 2217 Newtoni3
967 2157 1049 2206 narn
1078 2133 1193 2232 prima
1213 2131 1380 2230 displicet

83 2233 159 2308 illis
175 2249 190 2322 ',
216 2230 278 2329 qui
295 2231 415 2304 lumen
443 2230 480 2302 in
506 2158 650 2305 sudanti
672 2229 863 2332 propagari
891 2230 1136 2325 contendunt,
1163 2257 1204 2306 ac
1230 2229 1380 2308 secunda

85 2329 258 2406 innititur
276 2328 312 2402 vi
329 2327 561 2418 attraclivae,
587 2339 662 2429 quae
690 2356 763 2404 non
790 2330 984 2426 exponitur
1010 2382 1022 2420 ,
1045 2326 1105 2406 'sed
1132 2331 1343 2431 supponitur
1369 2382 1379 2404 .

87 2429 199 2522 Quod
226 2447 343 2502 autern
371 2426 400 2499 is
426 2427 715 2532 omnia'quoqnc
749 2427 1002 2518 condemnet,
1035 2451 1111 2529 qnae
1145 2429 1313 2528 leguntur
1341 2428 1379 2502 in

88 2525 234 2603 Mundo
246 2525 510 2601 Mathematico
530 2531 567 2600 P.
579 2527 762 2603 chhales
771 2579 785 2618 ,
809 2527 890 2624 quic
917 2529 1081 2600 videntur
1106 2529 1383 2624 unierexperien·

88 2631 143 2703 riae
169 2626 441 2717 accommodata,
465 2628 514 2697 ica
540 2648 577 2700 rr
594 2626 631 2712 st
655 2628 698 2699 de
722 2654 762 2698 ea
787 2628 935 2712 nondum
958 2628 1118 2716 constaret
1142 2678 1154 2719 ,
1176 2631 1307 2724 pariter
1332 2624 1383 2696 ni·

88 2728 140 2800 bil
167 2726 252 2799 cerri
276 2752 316 2796 ex
339 2724 406 2796 illis
430 2753 451 2797 a
470 2725 580 2822 priori
604 2729 795 2801 concludere
817 2729 932 2800 licerer
957 2780 968 2819 ‚
995 2726 1064 2801 hoc
1083 2748 1221 2828 nequeo
1239 2725 1383 2829 quidem

89 2823 325 2914 subscribere,
351 2849 430 2898 nam
452 2824 570 2926 potius
589 2828 708 2926 aliqua
725 2825 831 2899 exiis
858 2828 900 2902 ad
912 2827 1139 2926 ¹propofitunr
1157 2826 1314 2900 nostrum
1330 2846 1385 2898 at·

90 2924 210 2997 bitror
228 2924 293 2997 esse
311 2924 520 3001 excolenda.
537 2922 818 3001 Demonstrante
835 2924 981 3001 laudato
999 2936 1160 3018 Autore,
1185 2925 1245 3001 vel
1264 2923 1383 3025 potius

88 3048 128 3097 ea
155 3019 360 3112 referente,
385 3048 461 3135 quo
485 3025 725 3102 demonstrata
750 3024 893 3099 fuerunt
919 3051 939 3101 a
964 3030 1000 3100 Ρ.
1019 3029 1229 3127 Maignan,
1256 3046 1382 3120 nempe

88 3122 126 3195 in
152 3106 304 3217 transitu
330 3122 421 3196 radti
449 3148 584 3201 ert-uno
608 3124 646 3201 in
664 3124 759 3201 aliud
779 3126 935 3200 medium
953 3123 1044 3198 finus
1060 3127 1273 3225 angulorum
1291 3120 1382 3195 inci·
1418 3188 1420 3191 ,

88 3220 217 3296 dentiae
242 3216 529 3317 &yresracli'onis'
544 3222 613 3297 esre
638 3225 735 3300 inter
760 3222 792 3296 se
820 3246 860 3297 ut
888 3223 1099 3297 velocitates
1126 3221 1217 3297 radii
1245 3221 1282 3292 in
1311 3242 1386 3291 me·

89 3319 155 3393 diis
170 3318 396 3418 inequaliter
420 3319 678 3415 refislentibus,
704 3322 838 3421 aliquid
866 3321 988 3421 utique
1016 3319 1053 3394 in
1081 3313 1385 3394 demonstratione

88 3417 323 3592 defidepatur,
350 3439 388 3491 at
405 3442 449 3491 ex
465 3418 525 3492 illa
546 3443 663 3496 tamen
681 3420 873 3523 explicatio
899 3418 1126 3496 refrablionis
1144 3417 1287 3494 videtur
1313 3412 1387 3490 esre

134 3542 192 3592 ten
220 3545 258 3592 a.

89 3541 201 3691 P‘Ut
235 3615 358 3693 omnia
394 3618 489 3694 recle
517 3618 738 3721 procedant,
765 3621 809 3696 ab
835 3619 938 3695 omni
965 3615 1166 3716 Hypothefi
1193 3615 1231 3689 in
1261 3611 1386 3712 primis

90 3713 335 3793 abstinendum
358 3714 460 3809 esce,
486 3721 521 3793 &
548 3720 636 3791 illud
661 3740 833 3806 tantuna,
856 3717 952 3815 quod
976 3739 1046 3810 pro
1073 3737 1173 3787 cerco
1199 3713 1350 3786 habetur
1374 3759 1387 3799 ,

88 3812 338 3889 assumendum
357 3840 461 3913 puto.
487 3817 525 3888 Si
541 3838 668 3911 corpus
687 3838 836 3912 opacum
863 3808 1009 3910 corpori
1035 3809 1214 3884 luminoso
1242 3807 1389 3908 propina

86 3916 148 3988 nel
164 3912 312 4013 longius
327 3913 526 4012 objicitur,
549 3915 672 3988 lumen
698 3912 736 3986 in
752 3911 894 4011 objeblo
916 3935 1066 4010 corpore
1085 3930 1228 4010 apparet
1250 3934 1261 3997 3
1278 3930 1388 4006 quare

85 4035 216 4115 patet,
242 4013 395 4114 undique
413 4012 601 4115 propagari
619 4008 784 4087 luminosi
810 4009 971 4111 corporis
993 4009 1143 4100 lumen,
1168 4032 1241 4123 qno
1267 4026 1391 4080 toturn
1497 4054 1498 4063 κ

86 4110 346 4188 circumfusum
374 4113 528 4214 spatium
555 4114 761 4228 impletur.
794 4112 833 4184 Si
868 4109 985 4184 rursus
1019 4107 1078 4182 fila
1110 4108 1321 4189 Amiantina
1349 4102 1388 4176 in
1595 4178 1598 4183 ,

85 4211 170 4287 foco
186 4213 317 4289 Lentia
333 4213 496 4289 Sereniss.
516 4216 632 4289 Duces
659 4208 921 4287 Aurelianense
948 4208 1110 4282 vecticali
1137 4205 1310 4306 posrtione
1336 4201 1391 4279 so·
1523 4262 1525 4265 .

15 4320 21 4368 i
86 4313 225 4389 laribus
241 4313 356 4388 radiis·
366 4314 524 4415 eitpofita
543 4311 725 4398 aluminis
750 4312 825 4388 icio
843 4308 1059 4410 dejiciuntur
1085 4317 1100 4396 (
1119 4308 1233 4406 Regia
1253 4303 1392 4381 Acade·

15 4434 19 4478 l
86 4411 163 4488 ania
189 4412 410 4490 Parifiorutn
436 4414 475 4487 in
503 4405 665 4488 Historia
691 4411 794 4487 Anni
823 4418 913 4502 1708
939 4406 1121 4496 testante)
1146 4406 1229 4479 inde
1256 4399 1394 4503 colligi·

15 4539 21 4584 :
86 4532 168 4607 tur,
195 4513 277 4588 vim
294 4513 425 4590 lumini
441 4513 480 4587 in
499 4513 581 4588 ablu
597 4508 863 4613 propagationis
881 4510 1011 4583 inesse.
1037 4506 1075 4581 Si
1102 4504 1253 4602 denique
1269 4503 1392 4618 lumen

15 4636 26 4697 gt
83 4612 266 4688 transient
292 4634 338 4688 ex
355 4614 476 4690 medio
493 4613 630 4688 rariore
657 4615 693 4687 in
714 4608 850 4688 densius
874 4609 913 4682 in
931 4608 1012 4683 abiu
1030 4604 1298 4707 propagationrt
1313 4622 1392 4676 eant

16 4712 28 4796 'i‘
85 4710 205 4810 labit,
232 4737 342 4816 quant
359 4714 578 4818 appellamus
603 4710 885 4800 refractionem,
910 4730 1048 4784 certum
1073 4704 1122 4782 est
1150 4701 1239 4779 illud
1250 4699 1393 4878 tinanlroc

26 4840 28 4844 .
1267 4826 1283 4877 r
1330 4834 1347 4861 ἱ
