3625 5450
510 334 601 439 226
870 322 917 425 A
996 353 1027 423 c
1110 352 1146 420 τ
1227 348 1263 428 Α

254 554 417 629 Abssrnd
433 534 566 711 ‘peterat
584 534 792 649 Scholion,
817 532 984 649 quodita
1007 552 1277 635 comparatum,
1304 549 1343 605 ut
1370 521 1604 627 respondendi
1627 526 1740 607 neces·

252 643 416 792 aad?
442 637 1394 811 tiiillibiiiiiiiiiiiriuadlissieaultiilianimaduersionem
1415 750 1552 817 meam,
1576 746 1657 825 quae
1681 746 1735 799 eo·

435 836 514 909 dem
536 859 629 907 anno
650 833 783 929 prodiit
802 859 835 931 p.
859 857 935 905 120.
964 834 1051 904 Duo
1069 831 1105 903 in
1125 828 1300 902 solutione
1328 826 1514 920 Anonymi
1534 850 1589 898 me
1606 824 1736 899 deiide·
1791 842 1806 921 *ζ

403 986 406 995 2
434 926 512 1009 rare
531 931 711 1021 indicavi,
739 956 846 1006 unum
873 931 1034 1019 scilicet,
1061 952 1099 1002 ut
1127 926 1309 999 exhiberet
1337 949 1465 998 curvas
1492 923 1737 998 transcendent·
1794 920 1806 957 ³·

436 1032 487 1104 ies
507 1056 578 1103 nou
599 1053 737 1102 tanturn
758 1057 818 1127 per
836 1032 1090 1131 quadraturas,
1116 1026 1172 1099 sed
1197 1047 1258 1120 per
1273 1022 1538 1109 Rellrfiearr'ones
1553 1047 1736 1093 curvarant

275 1142 347 1229 pag.
366 1146 415 1220 76.
435 1131 699 1225 algelrarterum
725 1130 970 1216 consterililesa
997 1128 1170 1214 alterum,
1196 1149 1235 1197 ut
1254 1125 1467 1217 Cyeloidem
1490 1122 1527 1197 δι
1545 1124 1597 1201 Lo
1628 1119 1735 1195 arith·
1803 1128 1806 1157 ²

415 1228 566 1305 'micam
584 1227 768 1325 variosque
787 1228 888 1324 hujus
906 1225 1001 1298 casus
1018 1224 1160 1322 quaefito
1186 1221 1437 1296 satisfacientes
1454 1273 1465 1311 ,
1490 1246 1579 1319 quos
1597 1148 1733 1295 ibidem

436 1324 617 1413 recensui,
643 1325 725 1399 adiu
749 1327 825 1424 ipso
842 1322 1116 1401 demonstraret.
1318 1328 1323 1333 ’

482 1425 554 1498 Sub
569 1423 713 1519 initium
741 1424 823 1496 anni
851 1420 1029 1521 sequentis
1049 1419 1234 1493 secundam
1263 1420 1306 1494 ad
1325 1444 1379 1493 tne
1397 1414 1734 1517 scripfitEpisioiant

435 1522 537 1610 (trid
554 1522 731 1621 Supplern.
751 1526 860 1595 Tom.
881 1524 987 1594 Vlll.
1004 1529 1019 1609 )
1037 1521 1075 1592 in
1094 1545 1162 1619 qua
1182 1517 1325 1619 quidem
1342 1518 1409 1590 hoc
1426 1519 1577 1591 alterum
1596 1515 1735 1590 effesiui

437 1622 557 1711 dedit,
582 1619 640 1709 sed
657 1621 769 1733 priori
788 1621 928 1717 penitut
944 1618 1107 1718 negled’to
1128 1670 1138 1705 ,
1156 1618 1228 1715 *eui
1249 1615 1316 1689 hoc
1345 1615 1531 1715 protexuit
1559 1640 1736 1691 commen·
1777 1670 1783 1677 .

437 1716 539 1809 tum,
558 1717 626 1802 fili
639 1720 739 1790 acirim
764 1719 900 1810 desuiffe
917 1740 985 1787 rem
1013 1718 1152 1787 ulterius
1173 1706 1406 1812 prosequendi,
1432 1717 1568 1809 aliaque
1589 1716 1660 1802 jairi
1685 1741 1737 1783 rie·
1753 1734 1769 1747 ·'

434 1820 529 1915 grtia
546 1818 824 1912 quaquerbllare,
849 1814 1291 1911 quominusanimrrmeidem
1309 1816 1476 1910 applicet,
1504 1812 1626 1885 habuit
1646 1836 1736 1885 nem·

440 1943 481 2014 pe
499 1916 613 1987 otium
635 1914 813 2011 prestandi
834 1940 965 2005 unum,
990 1914 1109 1986 deerat
1128 1938 1214 1985 vero
1233 1910 1737 2013 ternpuaprestandialterum3

440 2013 524 2111 quid
554 2012 722 2083 nimirum
752 2020 762 2082 l
791 2013 856 2085 hoc
885 2035 961 2084 erat
988 2010 1090 2084 facile
1119 2008 1154 2084 δι
1184 2011 1361 2098 obvium,
1389 2012 1478 2083 illud
1505 2034 1623 2082 autem
1650 2008 1738 2082 diffi-

442 2112 509 2185 cile
537 2113 568 2181 δι
598 2111 744 2183 arduum
775 2114 787 2182 ε’
814 2135 931 2183 utrum
960 2110 1027 2181 otii
1056 2135 1104 2184 au
1130 2108 1262 2183 vitium
1291 2104 1410 2208 patius
1437 2107 1590 2185 descistis
1617 2104 1658 2183 fit
1685 2132 1738 2180 ac·

443 2206 635 2294 cusandus,
662 2206 816 2302 judicent
844 2208 923 2280 alii.

491 2305 784 2385 communicavit
805 2306 841 2378 in
868 2309 988 2381 eadem
1018 2305 1174 2405 Epistola
1202 2303 1416 2382 solutionem
1443 2300 1532 2379 suant
1559 2302 1615 2379 sed
1642 2304 1739 2378 notia

442 2400 535 2478 fisiis
561 2404 784 2493 involutam,
811 2405 982 2502 nequid,
1008 2408 1102 2505 quod
1131 2407 1331 2493 metuebat,
1358 2429 1402 2477 ex
1429 2404 1490 2477 illa
1515 2402 1741 2502 expiscaret,

443 2502 513 2599 ipse
533 2527 619 2573 vero
648 2502 778 2596 pariter
806 2528 851 2574 ex
882 2524 982 2591 mea,
1006 2524 1110 2602 quam
1142 2506 1340 2602 prolaturus
1356 2503 1481 2589 essem,
1508 2528 1684 2601 quamque
1702 2500 1741 2574 fi·

444 2625 604 2673 nemora
631 2600 690 2671 fibi
721 2601 906 2674 videndam
936 2601 1163 2701 deposcebat,
1189 2601 1282 2675 suam
1311 2602 1490 2674 adornasse
1508 2626 1579 2673 non
1605 2602 1741 2675 nidere·

445 2720 523 2775 tur·
550 2698 700 2799 Interim
721 2726 792 2772 non
811 2726 898 2797 opos
917 2725 1014 2791 erat,
1042 2726 1079 2774 ut
1098 2704 1139 2775 ad
1159 2700 1216 2775 libi
1235 2699 1516 2774 satisfaciendum
1542 2727 1597 2772 me
1614 2726 1740 2800 provo·

444 2822 562 2886 caret,
590 2796 780 2895 siquidem,
805 2824 885 2873 com
905 2800 1006 2896 ipsius
1023 2799 1167 2874 Littera
1184 2802 1421 2890 advolarent,
1448 2799 1517 2895 jam
1537 2800 1583 2872 ab
1608 2800 1741 2897 aliquot

444 2895 617 2967 mensibus
645 2917 801 2992 paratam
831 2896 999 2969 habebam
1029 2896 1244 2972 solutionum
1264 2907 1419 2972 mearum
1445 2897 1741 2997 descriptionem,

444 2991 645 3086 exspedians
672 2995 895 3067 commodam
925 2997 967 3067 ad
997 2995 1619 3095 AciaLips.mittendioccalionem.
1647 2997 1744 3082 Mox

444 3089 561 3259 polica
588 3088 800 3170 schediasma
828 3093 1065 3167 transmissum
1093 3095 1226 3195 prodiit
1252 3095 1294 3168 in
1317 3095 1495 3196 publicum
1524 3091 1640 3170 mense
1667 3097 1744 3167 Αιι-

443 3215 489 3288 gu
521 3210 666 3275 01722.
1732 3219 1735 3224 ·

494 3287 714 3380 Credebam,
742 3313 798 3362 me
816 3291 854 3364 in
872 3315 918 3364 eo
936 3287 1025 3366 hanc
1042 3291 1229 3367 materiani
1249 3283 1355 3391 usque
1373 3292 1462 3365 adeo
1479 3292 1745 3391 enucleali'eper

446 3382 658 3481 multiplices
678 3388 904 3483 problematis
926 3391 1136 3481 solutiones,
1163 3390 1375 3491 q‘uae’srhttnt
1400 3391 1586 3466 innumera
1614 3416 1745 3490 genera

447 3506 635 3555 curvarum
657 3508 728 3556 tam
749 3488 1025 3586 algebraicarunt
1043 3515 1149 3589 quam
1177 3488 1519 3580 transcendentium,
1546 3489 1746 3587 harumque

447 3578 726 3654 construciiones
752 3611 828 3658 nou¹
851 3590 959 3659 modo
987 3609 1046 3685 per
1066 3590 1297 3687 quadraturas
1314 3588 1370 3661 sed
1390 3613 1450 3686 per
1468 3586 1747 3661 reetifieariores

447 3678 758 3777 algebraicarum,
795 3707 832 3755 ut
858 3685 946 3757 nihil
973 3687 1122 3784 amplius
1156 3691 1197 3759 ad
1225 3687 1433 3758 ulteriorem
1461 3685 1746 3799 disquisitionem

446 3778 539 3877 exigi
568 3779 668 3874 polie'
684 3778 883 3875 sperarem.
926 3790 976 3855 Ar
997 3808 1090 3857 rerer
1103 3789 1315 3878 Anonymue
1336 3781 1553 3875 mumistia
1576 3782 1750 3858 omnibus

396 3953 420 3972 μ
448 3899 748 3969 adamaremus,
773 3895 919 3954 omnem
939 3883 1054 3954 movit
1081 3883 1263 3981 lapident,
1289 3908 1327 3956 ut
1346 3907 1455 3981 porro
1473 3882 1652 3956 inveniret
1680 3884 1753 3954 ali·
1803 3953 1804 3964 ,

446 3974 555 4084 quid,
579 3997 652 4073 quo
672 4000 726 4046 ane
749 3979 791 4052 ad
809 3980 937 4053 incitat
960 3981 1118 4080 redigere
1136 3984 1277 4079 poliere
1306 3983 1400 4054 unde
1427 3979 1502 4078 post
1519 3982 1674 4056 matam
1689 3981 1755 4056 la·

448 4072 544 4166 boras
562 4071 595 4142 δι
620 4072 789 4160 sudoris(
806 4078 1016 4152 iicetantea
1032 4080 1185 4169 dixerit,
1211 4079 1272 4153 fibi
1289 4079 1507 4170 trititrdeeffr
1523 4105 1587 4147 rm
1600 4075 1757 4150 alteriue
1802 4125 1804 4170 4

441 4173 661 4266 prosequendi
679 4182 693 4260 )
711 4176 854 4248 tmdem
879 4169 1013 4275 aliquid
1032 4178 1172 4251 detexit
1193 4176 1327 4251 cuime
1349 4179 1521 4276 imparem
1542 4173 1619 4250 sote
1648 4175 1759 4253 iata*
1803 4207 1804 4268 3

447 4271 580 4342 bundut
600 4272 757 4364 putavit.
786 4276 833 4345 Et
854 4275 1105 4373 tantiqoidem
1125 4277 1298 4349 momenti
1317 4302 1374 4350 ret
1392 4277 1429 4348 in
1448 4273 1679 4370 eoconstllit,
1712 4303 1756 4347 ut
1801 4337 1804 4376 ,

445 4370 681 4440 determinetur
698 4374 859 4459 amrium,
884 4395 957 4467 qrrae
967 4374 1181 4467 satisfacient
1197 4376 1234 4447 itt
1247 4373 1416 4476 propefiaa
1443 4369 1646 4471 pullione,
1673 4399 1756 4447 errr-
1803 4437 1804 4474 ,

445 4492 567 4542 vatata
584 4469 1117 4566 algelraicarnetstmplrcifftua.
1212 4503 1217 4512 ’
1752 4501 1758 4516 ’
1801 4537 1803 4546 ,

287 4589 356 4674 ang,
379 4611 427 4676 77,
498 4568 576 4646 Ner
597 4589 721 4640 mora:
750 4565 983 4643 festinandum
1001 4594 1079 4644 enar
1093 4570 1137 4647 ad
1151 4571 1528 4664 ealanrmshabebar
1547 4572 1672 4663 enirn,
1699 4572 1765 4647 ita
1799 4557 1803 4570 ³

449 4665 615 4765 Pflsslffii
642 4687 714 4762 qun
731 4690 786 4742 nte
805 4666 955 4765 ligaret:
984 4670 1152 4769 quocirca
1169 4671 1311 4760 tertiam
1330 4675 1510 4774 pronuper
1528 4675 1574 4749 ab
1591 4676 1766 4765 Anouy·
1800 4733 1803 4770 ἦ

562 4819 565 4832 .
874 4831 882 4838 .
1487 4823 1492 4834 .
1643 4795 1716 4843 mo
