3625 5450
485 221 521 330 8
848 226 1238 339 Aca-r

234 460 397 529 nunnus.
413 404 578 521 acentro
602 465 682 517 curn
711 438 887 552 fimpllci,
914 467 990 518 tum
1010 441 1213 540 duplicata.
1234 434 1466 532 ‘Varigauaius
1492 436 1581 513 hanc
1607 440 1708 519 theo·

234 550 295 607 An.
314 562 396 618 1720·
419 547 507 619 tiam
546 540 697 617 reddidit
726 541 957 617 universalem
993 566 1059 639 ope
1095 539 1253 613 sormula
1285 535 1473 609 admodum
1509 535 1705 635 srmplicia.

233 621 282 685 Μ·
301 622 392 685 Meu·
412 644 468 716 sn
493 639 625 715 testreet
652 642 686 711 c
712 661 874 715 centrum
896 637 1090 739 gravium,
1125 639 1207 711 cn
1241 633 1394 708 altitudo
1420 631 1519 707 uarat
1545 636 1706 730 cunrat,
1800 656 1804 699 ε

411 767 469 831 ex,
485 766 536 839 gr.
564 735 797 834 atmosphaerae
825 736 978 825 nostrat,
1013 739 1076 809 BC
1103 731 1265 809 distantia
1282 757 1507 831 quaecumque
1533 759 1553 807 a
1579 759 1705 811 centro
1800 770 1803 777 ·

320 908 322 911 ,
410 866 509 929 =x,
535 834 681 909 deustos
707 831 805 909 fluidi
834 835 890 908 seu
911 834 999 907 aeris
1027 833 1220 929 inB=y,
1254 831 1308 903 vis
1326 831 1511 928 gravitatis
1528 834 1707 909 variabilis

407 960 589 1033 utcunque
606 937 736 1023 Ba,
763 933 934 1028 particula
951 934 1009 1004 Bb
1035 928 1174 1007 infinite
1196 953 1302 1026 parva
1315 929 1387 1002 ‘erit
1402 959 1437 1000 ι.-
1450 932 1524 1020 dx,
1549 931 1706 1032 adeoque

410 1035 516 1107 massa
534 1029 624 1106 aeris
638 1029 676 1102 in
694 1031 880 1129 deydx,
909 1034 1044 1127 pondus
1060 1029 1222 1122 zade,
1247 1026 1440 1126 quodcum
1458 1029 1631 1102 continuo
1647 1033 1705 1106 de·

409 1132 567 1222 crescat,
593 1126 768 1202 crescente
784 1158 835 1219 e,
862 1127 1070 1225 negativum
1099 1126 1165 1198 esse
1185 1126 1285 1199 debet
1308 1178 1320 1214 ,
1347 1150 1474 1223 nempe
1497 1164 1546 1191 .-
1561 1132 1705 1225 (yda.

230 1229 300 1310 Q·
322 1248 389 1310 133·
410 1230 590 1306 Habemus
618 1226 737 1324 itaque
764 1225 898 1326 pondus
926 1225 1064 1313 totale,
1099 1224 1186 1296 aeris
1211 1248 1337 1319 nempe
1362 1249 1383 1297 a
1409 1227 1440 1297 B
1466 1223 1570 1324 usque
1596 1228 1640 1301 ad
1667 1232 1706 1302 D

406 1325 565 1427 protensi
577 1325 776 1421 -szydm
802 1328 925 1417 Quare
952 1347 1031 1395 cunt
1059 1320 1206 1395 denfitas
1221 1321 1438 1417 supponatur
1454 1323 1649 1397 decrescere
1665 1327 1705 1400 in

410 1425 551 1502 tatione
602 1447 782 1520 uacunque
810 1420 1043 1517 multiplicata
1071 1444 1130 1491 aut
1148 1417 1444 1516 submultiplictta
1469 1421 1634 1519 ponderis
1650 1446 1706 1498 to·

407 1525 512 1609 ‚talis3
540 1449 741 1597 habebimus
766 1564 814 1585 -
829 1520 1018 1616 (svdyy’
1033 1541 1082 1596 Ξ
1092 1546 1139 1617 χ,
1165 1518 1256 1593 unde
1277 1517 1420 1593 tandem
1443 1518 1648 1595 reuuuione
1666 1548 1706 1598 ae

407 1681 834 1762 summationecommuni
847 1707 946 1757 more
958 1678 1048 1757 faeta
1060 1645 1707 1801 reperiturszdx†q=-¹—-¹:-n7(¹·u)2»,

407 1850 507 1927 Hine
522 1876 541 1920 a
558 1849 674 1943 perito
692 1844 816 1919 calculi
835 1845 1034 1918 leibnitianis
1059 1842 1160 1915 sacile
1179 1842 1397 1917 deducuntur
1421 1868 1492 1918 non
1509 1843 1615 1918 modo
1631 1872 1706 1946 qua

407 1949 452 2025 ab
467 1947 600 2032 Hellejo
615 1944 651 2015 δι
669 1945 849 2015 Neutrum
875 1942 1023 2036 aliisque
1038 1962 1175 2035 reperta
1202 1939 1309 2031 sunt,
1336 1939 1391 2013 sed
1417 1940 1524 2013 etiam
1543 1941 1706 2016 innume·

409 2074 447 2121 ra
465 2043 533 2119 alia
559 2043 603 2116 ab
618 2039 695 2115 aliis
724 2041 882 2112 nondum
899 2037 1166 2113 animaduersa.
1200 2041 1322 2108 Saarin
1349 2037 1508 2129 specialia
1534 2042 1705 2114 nonnulla

408 2164 559 2220 annotat
576 2139 668 2213 circe
687 2160 871 2236 tangentes
889 2158 1077 2210 curvarum
1099 2136 1134 2206 in
1154 2136 1312 2229 punslis,
1340 2136 1398 2208 ubi
1418 2138 1531 2236 plures
1555 2137 1644 2211 rami
1671 2136 1706 2211 se

405 2265 536 2317 mutuo
552 2235 785 2326 intersecant,
811 2238 847 2309 δι
865 2235 1026 2308 incautus
1042 2231 1200 2307 sormulae
1215 2233 1444 2347 communis,
1469 2260 1575 2335 quarn
1593 2232 1708 2311 calcu·

408 2344 464 2415 lus
480 2335 723 2414 differentialis
742 2334 1046 2434 prosubtangente
1062 2332 1224 2422 exhibet,
1248 2333 1326 2405 usus
1341 2331 1452 2407 sallit.
1698 2328 1704 2337 ’

459 2442 550 2528 Qua
568 2435 605 2508 in
616 2430 849 2521 Astrteemr'eis
868 2429 1158 2507 demutabilitate
1185 2429 1405 2527 obliquitatis
1425 2431 1609 2531 Eclipticae
1626 2457 1708 2532 pro·

404 2538 479 2612 sert
501 2534 546 2608 de
562 2533 716 2606 senuisse
732 2531 770 2605 in
786 2531 889 2608 Attis
915 2530 998 2605 anni
1015 2527 1204 2626 superioris
1231 2527 1309 2626 ipsis
1330 2530 1479 2604 Autoris
1505 2530 1621 2604 verbis
1634 2529 1709 2627 jam

408 2631 681 2738 proposuimus.
708 2631 863 2702 Maraldr'
890 2630 1118 2727 phanomena
1140 2627 1308 2699 nonnulla
1334 2628 1454 2701 annuli
1476 2627 1621 2703 Saturni
1648 2641 1710 2703 an·

407 2757 531 2810 notat.
559 2736 641 2805 Huc
662 2729 839 2824 pertinet,
864 2731 958 2824 quod
979 2725 1059 2800 ansa
1086 2725 1269 2797 orientalis
1292 2727 1396 2821 paulo
1414 2726 1519 2800 citius
1536 2726 1711 2827 disparue²

404 2836 458 2907 nit
481 2824 714 2914 occidentali,
740 2846 866 2898 contra
885 2823 941 2895 hic
968 2821 1030 2896 sub
1045 2822 1188 2895 initiunt
1207 2822 1339 2894 reditus
1365 2826 1469 2919 paulo
1496 2827 1631 2923 largior
1647 2819 1709 2924 apss

408 2925 565 3031 paruerit
584 2920 777 2996 orientali:
806 2946 878 3020 quo
895 2919 970 3019 ipso
986 2917 1323 3014 conjeslutacafflm‘
1348 2918 1495 2994 senioris
1521 2920 1713 3016 confirma·

407 3051 490 3117 tur,
516 3023 611 3123 quod
625 3020 772 3094 annulus
789 3019 928 3116 integer
948 3042 1018 3090 non
1038 3015 1126 3089 srtin
1142 3017 1265 3091 eodem
1285 3016 1408 3113 plano.
1436 3019 1589 3109 coffinus
1606 3018 1712 3094 theo·

317 3139 323 3148 ”
409 3128 501 3200 tiam
528 3142 647 3194 morus
671 3117 871 3190 satellitum
896 3115 1041 3189 Saturni
1068 3114 1230 3189 condidit
1265 3116 1300 3187 δι
1326 3115 1481 3190 Tabulas
1505 3109 1668 3192 eirhibuit
1697 3169 1712 3211 ,

410 3223 513 3322 juxta
537 3243 623 3317 quas
648 3232 765 3291 motus
782 3213 996 3314 singulorum
1024 3205 1588 3314 additumquodcunquetenlpus
1607 3240 1711 3292 cotn-

363 3377 365 3382 .
408 3318 527 3420 putari
553 3313 683 3415 potest.
710 3314 877 3388 Calculus
903 3313 1072 3410 exemplis
1099 3311 1310 3387 illuslratur.
1337 3313 1567 3387 Detcrminat
1594 3312 1710 3408 etiam

409 3414 590 3494 distantias
626 3411 944 3487 vertsSatellitum
979 3432 1150 3485 acentto
1177 3434 1337 3485 motuum
1374 3411 1413 3485 in
1439 3409 1711 3486 semidiametris

409 3513 647 3590 terrestribus.
676 3509 799 3585 Prodit
826 3533 945 3585 autent
973 3509 1134 3598 distantia
1162 3510 1268 3609 primi
1286 3538 1331 3604 43
1342 3509 1708 3586 semidiametrorurn.

410 3617 629 3713 frequentes
645 3607 742 3683 suere
759 3615 803 3686 Α.
817 3617 911 3700 r716
930 3610 1142 3682 macularum
1161 3607 1425 3707 apparitiones,
1452 3610 1487 3681 ἃ
1506 3635 1525 3682 a
1544 3636 1589 3704 30
1607 3616 1707 3710 Aug.

411 3711 577 3811 usquead
597 3737 615 3803 3
634 3711 729 3805 Sept.
756 3707 841 3782 osio
858 3705 1003 3782 diuersa
1028 3706 1209 3805 congeries
1228 3708 1443 3780 macularunt
1471 3731 1539 3781 una
1562 3731 1709 3806 compa·

408 3830 584 3884 ruerunt:
639 3831 792 3879 uacum
821 3808 938 3878 lumen
955 3805 1047 3878 Solis
1074 3805 1165 3878 haud
1192 3802 1398 3878 sensibiliter
1424 3804 1708 3898 imminuerint,

410 3933 477 4005 pro
495 3831 734 3979 temtabatur
752 3907 998 3992 Fontemlliru,
1022 3928 1097 4002 quar
1122 3901 1165 3976 de
1181 3903 1314 4001 pallore
1330 3902 1423 3976 Solis
1449 3903 1525 4004 poll
1549 3927 1711 3979 mortem
1806 3907 1807 3938 ³

407 4003 556 4080 Castris
572 4003 714 4076 tradunt
731 4002 920 4075 Historici.
947 4004 1102 4073 Maraldi
1126 4000 1242 4075 varias
1259 4000 1413 4074 recenset
1438 4001 1711 4077 observationes
1806 4039 1807 4046 ¹

407 4102 657 4177 occultationis
674 4101 812 4187 Jovis'a
831 4104 929 4174 Luna
946 4097 1044 4172 satra
1069 4099 1144 4189 de„
1166 4103 1242 4185 Jan.
1268 4110 1371 4189 ¹7¹⁶·
1398 4102 1526 4172 Delisle
1549 4100 1710 4200 disputat

406 4225 531 4278 contra
551 4201 724 4288 Hellejrrm
747 4200 792 4273 de
809 4198 870 4291 lon
897 4196 1032 4270 itudine
1047 4195 1129 4269 steti
1151 4196 1399 4295 Megellanici‚

456 4303 497 4371 ln
524 4299 731 4369 Methanier'r
760 4293 834 4368 suas
860 4223 902 4368 ὲ

406 4398 581 4469 Seulmen.
610 4399 648 4469 Τ
651 4392 809 4468 heoriam
835 4393 1004 4465 Blendellr‘
1028 4393 1071 4466 de
1096 4390 1191 4488 jasiu
1216 4391 1422 4472 bombarum
1450 4394 1550 4496 praxi
1579 4417 1706 4494 parunt
1800 4409 1807 4450 ἔ

405 4493 611 4593 respondere
636 4492 763 4567 didicit
788 4491 830 4562 de
845 4490 1002 4582 Reffonr,
1027 4489 1089 4588 qui
1117 4489 1305 4589 multipliei
1331 4515 1371 4562 ac
1390 4492 1496 4600 longa
1523 4496 1707 4593 experien-
1799 4519 1807 4552 -r

228 4600 299 4684 rag.
322 4615 387 4679 υς.
406 4591 459 4674 tit
485 4591 628 4668 edoblus
654 4585 1161 4681 assimilabuntur,
1187 4613 1263 4692 qua
1279 4586 1443 4666 effebum
1468 4589 1707 4703 desiderarunt
1797 4613 1807 4652 r

1544 4714 1654 4788 tmpe-

930 4292 1067 4367 vortice
1093 4292 1204 4370 fluido
1230 4293 1479 4369 meditationes
1514 4295 1707 4374 continuat
1802 4307 1807 4352 ἴ
