3625 5450
348 268 1108 399 Eaunrroian.
1226 309 1326 439 '55“

17 485 29 540 ⁸
91 527 247 612 cocant,
264 505 308 622 eas
324 503 367 580 sat
388 502 573 593 conditio,
592 525 631 578 nt
650 503 842 622 maximam
854 531 999 624 patrem
1018 509 1136 588 seculo
1153 512 1188 589 in
1199 511 1397 598 barbariem
1417 541 1577 615 infima,

18 666 24 770 t
96 605 1257 807 ssillustrissslsalls‘sgtsslllllssllss
1271 620 1391 796 dns
1414 625 1573 791 siliis?

97 810 197 884 &in
224 735 279 882 sis
303 804 547 884 imitationem
574 807 685 881 moris
711 805 816 906 prisci
842 834 881 882 ac
907 774 1149 910 sepenumerti
1167 746 1391 916 pinnenses

96 934 327 989 nummorum
348 906 522 1009 repetitos
541 927 646 1005 typos
664 906 834 999 invenio,
849 934 889 983 ac
906 909 945 986 in
962 913 1390 1018 plerisqucnibilabslruls
1405 873 1482 962 Q·
1502 894 1571 982 ¹5⁷2·

95 1010 186 1099 csse,
212 1006 276 1084 nist
294 1007 409 1084 studio
425 1028 603 1108 quaeratur
619 1061 628 1080 .
656 1010 699 1082 ln
717 1006 873 1082 obscuris
892 1033 1053 1089 veterum
1074 1042 1391 1099 monumentorum

18 1175 20 1194 ,
95 1109 210 1212 igitur
235 1109 348 1183 multa
373 1105 721 1203 circumspcdiione,
748 1109 847 1183 varia
874 1109 1058 1212 sedulaque
1086 1119 1392 1217 contemplatione
1440 1191 1454 1204 ,,

18 1214 19 1219 i
93 1207 404 1383 &Testilis
416 1205 579 1380 tigiiis’
594 1205 1177 1388 „llill‘lltls‘is‘llssls
1191 1215 1272 1390 sili
1284 1218 1391 1393 ill

94 1409 148 1483 nis
166 1407 323 1484 nancisci
343 1403 644 1508 puntaldemer,
664 1336 852 1509 antetsuam
872 1361 914 1483 ad
932 1337 1116 1513 incbgnita
1137 1342 1390 1512 privaremus,

93 1508 226 1607 ipsaque
253 1508 456 1582 divincmus
479 1505 639 1597 animo,
666 1531 741 1607 quo
760 1509 948 1583 'umoribus
979 1509 1016 1584 in
1046 1536 1201 1588 mentem
1233 1543 1389 1618 unquam

91 1607 251 1696 uenisse,
279 1606 421 1707 polibat
440 1606 517 1679 aliis
536 1623 626 1705 aegre
652 1607 857 1706 persuadere
884 1610 1099 1688 valeamus.
1128 1615 1263 1708 Quodfi
1291 1619 1389 1695 nulla

93 1707 321 1806 antiquitatis
348 1705 509 1806 cognitio
536 1709 580 1781 ad
606 1731 881 1782 monumentum
917 1710 1060 1810 aliquod
1083 1713 1201 1787 iucem
1232 1714 1389 1814 praestare

93 1806 292 1896 videatur,
330 1807 512 1902 desperato
546 1804 732 1898 successu,
767 1807 874 1882 satius
900 1811 1111 1887 crediderim
1147 1812 1387 1891 divinationes

91 1904 346 2006 antiquitatum
367 1907 401 1978 dc
420 1903 573 1981 sessoria
597 1905 766 2007 suffragio
791 1903 975 1984 destitutas
991 1909 1246 2010 supprimere,
1261 1913 1386 1990 'suarn-

89 2030 157 2105 que
184 2007 221 2078 in
239 2004 474 2103 conjubiando
498 2006 712 2081 tenuitatem
732 2004 917 2106 profiteri,
943 2013 1039 2124 quod
1059 2036 1124 2086 nec
1142 2013 1283 2085 Petinus
1307 2041 1388 2090 eru·

82 2104 170 2179 ¹buit
197 2158 209 2195 ‚
245 2130 352 2205 quarn
380 2104 510 2180 hatum
534 2107 719 2181 literatum
746 2107 1031 2208 intelligentibus
1056 2110 1126 2184 lel'e
1151 2110 1385 2191 deridendum

86 2206 192 2278 dare.
219 2210 298 2293 Jam
316 2204 402 2278 olim
420 2205 625 2280 clarissimus
650 2207 772 2308 reique
799 2210 1007 2283 nummaria
1035 2209 1169 2309 peritus
1187 2210 1286 2305 Vir,
1303 2214 1384 2299 Joh.

87 2308 191 2377 Hert.
211 2308 447 2402 Eggelingius,
473 2306 516 2380 ad
535 2305 742 2404 explicanda
770 2306 984 2383 numismata
1010 2308 1071 2382 ill'a
1100 2309 1299 2384 Alexandri
1325 2314 1385 2388 M.

87 2427 129 2479 ut
155 2407 410 2501 ffioercampus
429 2428 558 2497 votat,
583 2407 698 2477 Pasini
716 2404 887 2480 desiderio
906 2405 1082 2481 excitatus
1096 2408 1305 2499 accesserat,
1323 2410 1384 2486 da·

87 2502 203 2605 cisque
228 2506 271 2580 ad
299 2505 474 2579 summum
493 2504 587 2577 hunc
606 2504 862 2605 Antiquariunt
880 2505 994 2579 literis
1021 2530 1187 2580 nummos
1205 2531 1266 2579 eos
1287 2531 1383 2583 retu·

85 2604 177 2678 serat
195 2607 239 2679 ad
253 2606 441 2680 Neronem
458 2607 717 2703 Imperatorem
737 2657 748 2696 ,
773 2602 872 2700 cujus
899 2605 934 2678 δε
951 2603 1105 2705 figuram
1124 2658 1136 2696 ,
1163 2607 1197 2679 dc
1227 2631 1343 2680 mores
1369 2660 1382 2702 ,

85 2704 123 2776 dt
142 2703 274 2805 quaevis
297 2703 379 2793 huic
405 2703 564 2805 Principi
591 2703 751 2807 apprime
776 2701 968 2781 familiaria
1001 2704 1157 2781 obscuris
1193 2702 1266 2781 iliis
1293 2707 1382 2784 adeo

86 2802 216 2878 mentia
245 2809 397 2902 expressa
421 2805 574 2881 credidit
600 2835 613 2878 .·
682 2830 742 2880 uas
775 2805 919 2904 quidem
955 2805 1169 2905 suspiciones
1208 2832 1228 2882 a
1262 2809 1384 2882 Patina

84 2904 228 2979 erudite
251 2904 442 2985 solicitator
468 2905 536 2981 alia
562 2831 708 3006 epitrita
740 2904 836 2979 tueri
862 2930 903 2980 ac
926 2906 1075 2981 ulterius
1103 2903 1279 2983 adstruere
1307 2960 1318 2998 ,
1346 2908 1382 2980 dt

82 3012 230 3078 omnem
264 3005 543 3105 disquisttionem
577 3030 640 3107 per
671 3004 833 3105 epistolas
856 3004 1029 3106 agitatam
1065 3003 1182 3106 polleo
1211 3008 1383 3107 evulgare

83 3105 201 3177 nullus
219 3102 418 3179 dubitavit.
441 3108 489 3178 Et
505 3104 622 3179 fateor
647 3104 729 3179 sane
754 3128 1069 3206 quantumcunque
1097 3104 1286 3179 dubiorum
1315 3110 1382 3201 Eg·

78 3205 283 3301 geliagiaait
299 3203 554 3304 suspicionibus
568 3202 704 3295 obstet,
721 3229 765 3280 ao
779 3206 863 3277 licet
880 3204 1154 3278 numismatibus
1168 3203 1239 3276 illis
1250 3202 1381 3277 resisus

83 3301 250 3401 inspesiis
266 3329 396 3404 parum·
410 3304 652 3392 conveniant,
669 3329 726 3375 eas
744 3327 862 3377 tamen
880 3326 925 3376 cx
942 3300 1158 3403 antiquitate
1173 3327 1213 3377 ac
1234 3298 1380 3377 hislotia

83 3403 255 3478 Romana
279 3406 484 3503 depromtas
517 3426 632 3502 eoque
655 3402 802 3474 nomine
839 3427 913 3476 non
947 3402 1100 3477 omnino
1126 3401 1379 3501 improbandas

80 3502 171 3577 esse.
198 3505 414 3581 Luculenter
430 3505 473 3577 de
490 3502 612 3574 iisdem
632 3498 768 3575 dissum
786 3498 834 3573 est
851 3501 888 3574 in
910 3501 1011 3575 Allis
1028 3500 1083 3574 his
1094 3504 1140 3576 A.
1156 3507 1247 3590 ¹⁶⁸4
1264 3526 1295 3602 p.
1310 3508 1379 3594 38,

77 3601 230 3699 adpetis
246 3601 482 3680 celeberrimi
501 3600 621 3674 Felltri
647 3602 736 3675 olim
765 3601 873 3675 nostri
893 3599 1103 3676 doiiiflimis
1125 3600 1341 3698 conjeiiuris
1367 3647 1381 3690 ,

75 3726 163 3803 quas
195 3703 254 3777 ltic
272 3704 345 3778 leci
373 3726 532 3802 repetere
558 3724 630 3773 non
658 3721 783 3773 vacat.
810 3698 852 3771 ld
869 3724 888 3767 e
906 3722 945 3768 re
961 3698 1031 3769 erit
1049 3702 1289 3784 memorasse,
1316 3720 1380 3769 nu·

77 3802 252 3880 miscuata
271 3803 344 3881 hac
355 3798 599 3877 Alexandrina
615 3796 686 3894 jam
715 3821 736 3870 a
753 3799 793 3870 Β.
807 3797 937 3866 selleca
954 3794 1090 3868 tributa
1106 3796 1173 3868 else
1191 3796 1249 3868 uel
1267 3799 1380 3869 Cara·

61 3902 206 3994 callae,
233 3904 293 3976 vel
310 3902 519 3978 Alexandro
542 3901 704 3985 Severo,
729 3893 876 3989 inclytis
902 3893 993 3993 apud
1020 3892 1187 3968 Historia
1214 3889 1381 3993 Augusta

71 4000 274 4103 scriptores
300 4002 432 4102 Magni
458 3995 671 4074 Macedonis
698 3991 979 4069 imitatoribus.
1015 3992 1137 4068 Credo
1163 3991 1260 4066 enim
1287 4042 1299 4082 ‚
1335 3993 1379 4066 ad

68 4100 295 4177 alterutrum
313 4104 451 4203 optima
466 4098 609 4173 ratione
626 4097 698 4171 batt
715 4093 929 4169 numismata
948 4086 1072 4166 referri
1092 4143 1102 4166 .
1131 4090 1377 4166 Alexandrum

65 4202 254 4276 Severum
279 4199 498 4297 Lampridius
524 4195 652 4272 diserte
679 4191 855 4284 teliatur,
880 4190 1069 4264 Alexandri
1090 4188 1204 4286 figura
1230 4212 1378 4263 nummos

60 4301 240 4398 plurimos
254 4300 442 4402 figurasse,
466 4297 510 4368 o
535 4298 671 4396 quidem
696 4292 846 4367 cltslreos
870 4293 1087 4387 aliquantos,
1108 4290 1268 4386 plurimos
1293 4314 1376 4362 uero
1395 4308 1465 4397 pag.
1488 4311 1556 4394 ¹5⁸·

58 4428 212 4480 amos.
241 4405 292 4477 Et
310 4402 397 4505 quid
417 4420 517 4474 vetat
544 4396 779 4499 suspiciones,
806 4390 880 4492 posi
898 4389 1033 4468 uariam
1059 4387 1284 4491 antiquitatis
1300 4386 1377 4465 Ro·

58 4527 185 4579 manae
225 4498 499 4603 pensitationem
532 4497 733 4595 horumque
766 4495 1024 4567 numismatum
1049 4513 1129 4564 cum
1159 4487 1238 4562 aliis
1271 4487 1378 4562 colla·

54 4604 241 4696 tionem,
266 4627 348 4679 tneo
366 4598 514 4704 ingenio
531 4597 693 4672 subnatat
710 4597 928 4689 exponere?
951 4588 1013 4663 etsi
1040 4589 1152 4663 nolim
1177 4607 1251 4699 tam
1280 4611 1378 4701 atro-

53 4726 153 4805 gans
175 4703 334 4797 videri,
359 4724 400 4779 ut
427 4690 578 4776 meliori
604 4696 666 4772 lint
691 4691 895 4770 dobliorurn
915 4687 1076 4764 virorum
1104 4685 1379 4858 conpediaponaf
