3625 5450
326 334 1081 464 Eauumtotum
1210 394 1292 510 ςμ

37 544 43 631 f
89 550 169 627 na'ria
189 540 343 627 &nunc
365 542 581 658 retrogradi
596 550 766 638 uidetur.
795 560 965 644 Variatio
993 590 1054 672 p‘er
1080 576 1239 680 integrm
1253 565 1374 658 'annos
1391 594 1552 672 Ansina.

88 678 120 740 4¹
137 650 200 726 luit
227 662 291 723 ιιο
314 646 392 745 45“;
422 660 514 730 unde
532 683 647 732 annua
667 660 811 738 resultat
833 673 877 738 18
897 668 1139 749 minutorum.
1158 683 1203 755 R.
1215 686 1250 753 P.
1261 687 1373 755 Fevrl·
1397 692 1555 762 An01⁷24·

38 752 40 843 ξ
90 755 128 822 lle
142 753 197 848 per
214 751 354 828 litteras
372 756 561 829 certiorem
580 756 665 832 fecit
683 763 899 855 Maraldrrm,
925 776 970 843 A.
990 796 1079 865 ¹7¹9
1106 778 1259 868 Maffiliae
1278 810 1373 857 men·
1394 767 1440 828 Μ·
1467 766 1551 828 N‘W·

38 858 39 887 ³
90 838 117 923 le
132 850 279 929 octobri
297 849 441 926 arborea
457 852 562 927 llores
579 858 748 952 emhilde,
774 863 865 937 uude
883 871 969 940 novi
983 874 1370 964 produblifutrintfru.

91 948 170 1042 ilus,
193 948 252 1052 qui
270 951 592 1028 menseDecembri
611 958 654 1034 ad
683 962 928 1038 maturitatem
948 976 1177 1067 pervenerint
1194 1030 1216 1067 ,,
1232 979 1293 1054 etst
1321 982 1372 1078 ju-

92 1046 163 1122 llatn
178 1050 460 1149 magnitudinem
480 1078 553 1127 non
572 1055 692 1171 adepti
710 1114 719 1132 .
746 1066 868 1137 Genua
894 1070 985 1142 mala
1014 1071 1140 1167 perfica
1160 1076 1204 1148 ad
1223 1083 1371 1155 maturi·

43 1224 47 1235 ,
95 1150 192 1220 tatem
216 1172 477 1245 pervenerunt,
504 1177 611 1253 usque
638 1159 847 1235 tamensem
868 1165 1046 1241 Martium
1068 1170 1207 1271 integra
1234 1180 1373 1254 conlet-

96 1268 188 1320 tata.
211 1248 377 1339 Diluffieu
403 1249 733 1347 describitCacbarr,
759 1261 855 1357 quod
882 1269 1080 1341 extraeluru
1097 1276 1209 1349 Arecae
1224 1278 1290 1348 elle
1307 1280 1369 1351 do·

99 1366 150 1417 cet
170 1370 222 1443 per
244 1348 531 1447 evaporationem
550 1351 773 1431 induratum.
802 1358 863 1431 Est
880 1386 999 1437 autem
1012 1374 1118 1438 Atera
1137 1370 1368 1448 semenatbo‘·

98 1442 157 1557 tis,
178 1469 242 1616 pule
265 1444 470 1618 prosspecie
485 1451 620 1550 palma
646 1452 796 1529 babetur
822 1455 858 1529 dt
886 1459 928 1534 ad
956 1488 1036 1539 oras
1051 1467 1368 1548 maritimasIudite

98 1566 180 1614 orrea
196 1566 252 1617 ars
274 1568 327 1619 cre
346 1569 415 1620 ctt.

40 1698 48 1721 .
147 1641 397 1719 transtinanis
425 1646 617 1725 monstrum
646 1703 658 1742 ,
690 1653 975 1756 quoddiffecuit
1001 1712 1014 1752 ,
1038 1652 1138 1762 Mery
1163 1668 1200 1741 in
1227 1668 1368 1749 scenam

134 1736 254 1817 odunt.
278 1748 363 1819 Erat
382 1747 497 1845 puella
514 1749 632 1824 mense
649 1750 749 1829 sexto
776 1752 814 1827 in
840 1780 944 1831 utero
971 1784 1114 1837 mortua
1136 1766 1206 1841 line
1224 1770 1362 1865 capite,

99 1762 257 1932 liuentis,
277 1845 405 1934 corde,
433 1845 687 1947 pulmonibus,
717 1850 916 1930 ventriculo
942 1908 954 1948 ,
982 1860 1123 1934 renibus
1149 1916 1161 1955 ‚
1185 1864 1362 1942 intestinis

102 1934 276 2035 munibat,
295 1942 443 2043 hepate,
470 1945 619 2023 veficula
643 1947 763 2044 fellis,
790 1952 907 2045 liene,
935 1979 1137 2053 pancrcate.
1165 1966 1265 2038 Nata
1291 1964 1361 2040 fnit

106 2061 177 2110 sum
194 2038 269 2130 alia,
289 2063 365 2117 tunc
379 2046 551 2145 temporis
567 2047 683 2125 adhuc
700 2053 802 2127 viva.
831 2056 993 2153 Utraque
1018 2057 1143 2133 iisdem
1163 2060 1361 2140 involucris

104 2134 168 2209 luit
187 2137 351 2234 inuoluta,
370 2143 492 2221 eadem
520 2145 680 2244 placenta
706 2152 741 2229 d<
769 2149 891 2245 unicus
906 2170 950 2228 ex
975 2160 1098 2249 endem
1128 2163 1360 2259 progrediens

103 2230 251 2312 funiculus
272 2241 474 2319 umbilicalis
497 2242 535 2325 in
563 2246 650 2322 dunt
670 2248 825 2325 delineas
837 2253 1188 2333 romatinumbilicis
1203 2252 1360 2337 foetuunt

102 2330 303 2415 terminatos.
329 2338 455 2417 Mater
480 2344 626 2445 gravida
654 2347 815 2448 hydrope
840 2350 1001 2451 laborare
1028 2359 1234 2434 credebatur
1260 2388 1272 2447 3
1299 2356 1359 2437 sed

101 2430 231 2533 inpartu
246 2437 366 2541 infigni
383 2443 584 2543 quantitate
600 2473 699 2548 aquae
710 2432 819 2524 effusa
835 2453 933 2539 nulla
951 2451 1121 2556 hydropis
1136 2457 1286 2555 sulpicio
1303 2486 1357 2534 rc·

100 2534 246 2611 manebat.
271 2538 433 2617 Medulla
449 2541 571 2619 aderat
586 2542 728 2641 spinalis
746 2548 782 2620 in
802 2548 990 2642 monstro,
1014 2554 1076 2627 etsi
1102 2557 1357 2633 cerebro—oum

101 2634 192 2734 rapite
206 2661 347 2713 careret.
377 2638 580 2717 circulatio
598 2640 778 2750 sanguinis
795 2646 864 2720 fine
881 2651 988 2722 corde
1008 2653 1154 2751 probat,
1180 2653 1359 2731 infantem

100 2732 131 2807 in
144 2757 227 2809 utero
248 2760 416 2841 tanquam
433 2763 568 2843 partem
588 2746 721 2846 matris,
738 2746 965 2845 spe'blandum
993 2752 1064 2842 elle
1087 2755 1121 2825 dt
1148 2753 1356 2853 sanguinem

101 2827 201 2907 thatrit
220 2862 270 2935 per
292 2839 447 2915 eundem
465 2842 638 2932 :circulari
662 2899 672 2919 .
698 2846 741 2919 Iu
767 2846 943 2921 intestinis
969 2851 1087 2924 ctassis
1114 2853 1249 2926 nullum
1278 2878 1361 2930 erat·
1488 2895 1492 2911 ¹
1533 2901 1541 2914 =

98 2934 260 3011 meconium
284 2990 296 3029 ,
330 2941 431 3040 quod
457 2941 557 3036 Mery
591 2935 783 3020 mitituram
811 2943 878 3019 elle
905 2944 988 3022 hinc
1014 2950 1154 3054 colligit
1180 2974 1224 3024 ex
1250 2952 1356 3029 succo

93 3032 300 3201 plandultrum
319 3037 569 3115 intestinorum
587 3042 748 3119 tenuium
773 3098 785 3136 ‚
811 3044 882 3119 bile
907 3047 943 3118 δι
971 3044 1075 3123 succo
1100 3052 1355 3151 pancteatico.

122 3132 183 3203 'terr
203 3134 370 3213 evidenter
385 3137 519 3231 docet,
542 3143 748 3242 sangninem
776 3142 992 3220 menstruum
1021 3163 1094 3223 nou
1121 3173 1167 3225 et
1193 3152 1355 3250 vagina,

93 3226 144 3303 led
159 3237 339 3311 exmatrice
364 3235 438 3312 sola
459 3241 670 3336 provenire.
697 3243 846 3317 Etenim
874 3243 913 3318 in
929 3245 1087 3320 foeminis
1105 3263 1357 3348 temporeeva·

94 3327 240 3405 cuntionis
254 3331 429 3416 tnenllruae¹¹
448 3341 599 3414 mortuis
618 3341 751 3417 matrix
769 3340 838 3415 fuit
856 3343 964 3418 craffa
983 3347 1016 3416 dr
1037 3345 1153 3437 tensa,
1179 3349 1262 3425 vala
1278 3348 1357 3426 san·

90 3425 207 3525 guileta
227 3429 318 3507 luere
338 3436 510 3538 turgida,
543 3453 696 3540 quorum
724 3441 769 3516 ali
798 3466 842 3517 ua
867 3442 1074 3544 sanguinem
1092 3448 1130 3519 in
1158 3449 1361 3525 cavitatem

89 3525 170 3600 uteri
189 3526 433 3628 effundebant,
456 3535 656 3637 superficies
681 3540 837 3617 intentor
857 3543 1269 3642 matricisfnraninibus
1295 3550 1357 3624 ad-

80 3626 204 3703 nodnn
218 3632 413 3733 conspicuis
428 3635 762 3742 abbibabesanguina
780 3640 954 3717 arteriolo
973 3645 1097 3742 plena,
1123 3646 1175 3722 ita
1192 3671 1232 3722 ut
1249 3665 1358 3723 uteto‘

82 3733 371 3846 etruscomprello
387 3732 527 3836 languis
544 3762 606 3838 pet
623 3740 1000 3816 eaintusexllillaret.
1025 3745 1068 3815 In
1086 3747 1355 3841 gravidismot·

81 3823 354 3908 tticforamtnula
372 3833 434 3909 illa
451 3837 502 3928 ob,
524 3837 725 3914 exilitatem
752 3839 816 3914 uix
834 3839 1037 3941 conspicere
1060 3841 1184 3934 licuit,
1209 3845 1356 3918 &com-

79 3921 165 4020 aaut
180 3954 246 4005 nnn
259 3930 508 4032 sanguinent,
533 3934 591 4012 led
616 3936 796 4039 liquorem
813 3939 969 4018 labbeum
988 3940 1197 4016 reddidere.
1225 3944 1269 4017 ln
1288 3941 1355 4017 foa-

80 4022 161 4099 minis
175 4055 284 4132 neque
304 4031 469 4132 gravidis
488 4087 503 4136 ‚
529 4061 644 4138 neque
663 4058 824 4137 tempore
844 4038 1066 4140 purgationis
1084 4039 1267 4117 menstrua
1294 4043 1355 4118 de·

77 4121 150 4197 attic
166 4124 388 4207 foraminula
405 4127 468 4210 ista‘
495 4135 635 4210 ta'ntum
664 4161 739 4214 uon
765 4133 906 4238 prorsus
932 4137 1230 4238 imperceptibilis
1256 4140 1357 4254 luere

75 4217 244 4306 &nonnisi
271 4235 392 4332 pausa
418 4234 600 4335 quantitas
626 4233 777 4335 liquoris
812 4235 929 4313 tenuis
963 4237 1015 4309 dt·
1036 4239 1176 4339 limpidi
1201 4241 1361 4341 exprimi·

71 4324 166 4418 potnit
188 4385 197 4405 .
222 4327 394 4406 masau
418 4338 464 4408 de
487 4333 640 4410 aflione'
656 4332 896 4412 musculorum
924 4329 1096 4412 nonnulla
1124 4337 1355 4415 meditatur:

72 4420 236 4518 athlnatur
255 4432 387 4523 enim,
412 4431 481 4509 hoc
499 4430 940 4538 argumeur'umhablenua
966 4436 1012 4512 ab
1031 4437 1256 4542 Auatontitis
1281 4459 1358 4515 non
1378 4424 1449 4516 ¹³²3·
1471 4447 1537 4515 50²·

68 4516 145 4600 fulde
169 4529 444 4640 prodigalitate
466 4532 675 4636 expensum.
701 4537 747 4610 E.
763 4555 816 4637 gr.
843 4535 965 4612 ottlnis
990 4555 1108 4611 motus
1135 4535 1361 4616 diciturherl

66 4624 282 4709 musculorum
303 4631 577 4711 contrabliouc:
605 4633 664 4709 let
679 4630 751 4708 lto'c
799 4636 991 4739 rinhiplum
1019 4633 1095 4717 ntia*
1118 4639 1188 4732 elic
1213 4638 1361 4716 univers

65 4719 114 4802 ille
125 4747 186 4835 per
202 4731 574 4838 instantiarprubn.·
595 4731 757 4814 Pettium
774 4659 844 4814 hut
861 4735 995 4910 rapuit·
1009 4735 1299 4838 demlffiutqua
1315 4735 1363 4814 fir
1382 4841 1385 4845 μ
1522 4763 1527 4773 ·

943 4856 959 4909 t
1010 4859 1030 4905 ²
1230 4862 1312 4939 prog

1393 922 1461 1004 Pag.
1485 940 1553 1002 501.
