3625 5450
1574 323 1601 370 g

535 365 637 488 370
749 331 1124 444 uerna.
1204 321 1502 433 Euan.
1598 401 1601 422 ‚

275 561 588 652 Ton,vrllcbartae
607 553 787 659 supposta
807 548 933 630 meliut
956 549 1070 648 pollet
1086 543 1330 633 manilellari,
1358 543 1383 620 u
1408 545 1591 622 minua'in
1619 548 1684 628 tot'r
1702 553 1748 633 sui

278 666 433 746 snnplerm
458 662 685 749 extensione,
705 655 831 734 saltem
851 651 890 728 in
909 677 1040 750 magna
1053 649 1106 728 sni
1126 672 1245 746 parre.
1262 645 1445 741 Quamvis
1461 645 1579 749 igitur
1592 645 1628 724 in
1645 675 1747 733 exten·

278 744 354 812 Μ·
368 745 439 832 ill«,
459 766 553 842 fiune
573 760 643 840 hoc
661 760 780 834 lumen
806 752 1002 851 occupabar
1031 751 1131 850 juata
1149 746 1439 824 Newtonianam
1457 748 1669 825 sententiam
1691 751 1745 853 lpa-

276 825 348 908 ΡἘ·
371 842 437 905 ¹³⁰·
459 865 551 946 uum
570 857 734 938 innectas
753 853 866 951 majus
886 847 1207 952 imagine-capilli,
1235 851 1271 924 a
1292 847 1683 928 inremuneratum
1703 851 1742 929 n

457 987 521 1065 pra
538 958 734 1059 imaginem
755 953 875 1053 capilli
897 953 1007 1028 vicies
1026 952 1161 1028 densus
1182 973 1288 1050 quam
1316 949 1401 1026 elset
1428 974 1543 1049 prope
1570 952 1740 1030 extremita

458 1087 532 1138 tem
561 1114 573 1153 ,
609 1084 767 1136 attamen
797 1054 900 1153 ipfiut
927 1053 1081 1127 luminis*
1111 1077 1174 1128 nec
1200 1048 1373 1125 indicium
1401 1047 1549 1149 quidem
1579 1053 1738 1153 apparuit·

457 1162 552 1256 Quis
570 1160 681 1261 igitur
699 1158 817 1232 dicere
835 1153 992 1253 poterit,
1020 1153 1133 1252 ipsum
1160 1152 1281 1225 lumen
1299 1147 1350 1225 ibi
1369 1152 1436 1224 esse
1462 1158 1633 1251 (propter
1646 1177 1735 1228 actem

408 1285 437 1342 ,ἰ
458 1265 556 1350 luam
577 1259 762 1338 raritatem
782 1252 1011 1342 insenlibile)
1038 1279 1119 1329 cum
1146 1252 1218 1351 ipse
1237 1254 1449 1328 Newtonut
1465 1250 1644 1345 fateatur,
1664 1254 1735 1355 qnod

459 1363 520 1446 ubi
540 1360 588 1435 est
606 1359 778 1433 sentiatur
798 1355 835 1430 in
866 1352 1025 1452 partibus
1051 1354 1174 1429 saltem
1202 1376 1328 1426 centro
1355 1347 1418 1424 luo
1445 1351 1734 1450 proximioribus?

458 1464 574 1538 Unde
593 1458 872 1536 mediotandem
893 1453 983 1531 banc
1003 1449 1255 1529 difficultatem
1272 1448 1469 1542 auferrem,
1497 1449 1597 1551 posui
1619 1453 1732 1530 abocu·

458 1561 513 1636 lot
533 1560 661 1661 prisma
683 1557 900 1657 triangulare
920 1554 1099 1646 vitreum,
1125 1556 1160 1628 bc
1187 1551 1419 1654 quantumvis
1443 1577 1578 1651 parvm
1599 1553 1662 1628 esset
1682 1579 1730 1628 an·

486 1663 563 1735 ulus
590 1656 815 1757 refringens,
840 1654 917 1728 vidi
944 1655 1079 1753 semper
1099 1653 1266 1752 capillum
1286 1651 1305 1726 a
1325 1650 1459 1725 lumine
1485 1653 1653 1729 aberrante
1674 1676 1732 1728 tur·

460 1688 557 1844 bari.
585 1756 901 1853 Quemadmodum
930 1752 1041 1853 igitur
1063 1754 1101 1830 in
1120 1754 1188 1828 boc
1210 1750 1310 1843 casu,
1338 1751 1465 1856 inquo
1484 1750 1729 1852 hoclnmenret·

424 1930 429 1937 .
462 1860 584 1951 nitur,
604 1884 674 1932 non
690 1852 800 1958 porell
813 1850 1041 1956 negariiltius
1060 1853 1239 1958 prasentia
1253 1843 1274 1944 ,'
1291 1841 1393 1928 itain
1405 1848 1578 1928 casunudi
1592 1847 1729 1952 nculi‚ia

463 1987 536 2061 quo
556 1958 704 2033 minime
723 1957 906 2046 cernitur,
926 1955 1058 2030 necesse
1076 1953 1203 2048 eli,·ut
1222 1943 1439 2030 concedatur
1458 1949 1558 2050 ipsius
1573 1951 1702 2050 absentia
1721 2001 1730 2044 ,

463 2065 576 2134 donec
597 2057 722 2133 saltem
744 2054 806 2130 fiat
830 2081 869 2130 ut
890 2054 1016 2128 melius
1036 2047 1220 2130 cernaturss
1246 2051 1282 2127 Si
1308 2051 1401 2128 nun'c
1417 2053 1548 2152 quaeras
1564 2079 1619 2129 cur
1634 2055 1731 2150 summ

466 2158 690 2257 dispergatur
707 2155 877 2229 transiens
898 2181 960 2255 per
980 2153 1108 2256 prisma
1129 2153 1376 2258 triangulare,
1397 2153 1436 2254 ¹&
1464 2177 1532 2227 noa
1556 2151 1668 2229 itidem
1690 2151 1732 2225 di·

463 2258 650 2358 spergatur
668 2256 838 2329 transiens
857 2281 918 2355 per
938 2256 1103 2347 lentem,
1130 2254 1354 2355 respondeo,
1381 2251 1474 2366 quod
1498 2277 1547 2324 res
1570 2274 1658 2348 tarra
1682 2276 1734 2324 ne·

464 2358 543 2458 quir
566 2356 669 2447 unica
688 2354 832 2468 epistola
853 2354 1033 2430 contineri
1053 2350 1158 2456 ,tibi
1186 2349 1304 2434 aute'nt
1324 2347 1532 2428 'satisfaciam
1548 2351 1583 2426 in
1597 2348 1734 2452 quadam

464 2455 723 2542 refrabbionum
744 2453 1100 2560 disq‘uifitione,qua
1119 2480 1212 2530 nunc
1230 2454 1267 2528 in
1289 2452 1446 2528 manibus
1463 2449 1525 2528 cll.
1547 2453 1735 2527 intereant

460 2556 615 2647 mirere,
637 2554 659 2629 li
678 2555 857 2628 Newtoni
876 2554 1082 2656 amplissimi
1111 2555 1181 2630 viri
1210 2580 1320 2656 praere
1347 2576 1383 2632 ta
1410 2551 1453 2626 ab
1480 2552 1529 2627 bis
1553 2548 1664 2624 nostris
1683 2570 1732 2622 ex·

459 2656 669 2758 perimentis
694 2652 900 2733 differtiant
925 2711 933 2729 .
963 2655 1031 2756 Ipsi
1059 2653 1153 2732 enim
1183 2656 1257 2731 laus
1284 2581 1431 2731 debetur
1459 2651 1573 2756 utique
1598 2673 1732 2750 magna,

458 2756 741 2863 quodprinteps
760 2754 905 2831 relrabbi
934 2755 1080 2830 luminis
1106 2755 1355 2855 dispersorem
1381 2746 1650 2835 animadverterit
1671 2800 1682 2839 ,
1700 2768 1733 2821 at

461 2882 536 2945 non
562 2854 622 2929 illa
641 2855 783 2952 quidem
807 2865 869 2942 (nr
891 2855 1002 2954 vulgo
1020 2850 1214 2942 censetur)
1240 2854 1337 2955 quod
1366 2846 1529 2952 ejusdem¹
1548 2844 1732 2952 disperbonit

461 2952 602 3025 caulam
630 2952 908 3051 affeslionesque
936 2953 1147 3031 detexerit.
1183 2954 1288 3029 Vidit
1324 2950 1590 3053 sapientillimus
1621 2946 1732 3045 Aulus

461 3049 612 3145 speciem
641 3049 789 3125 solarem
818 3052 931 3152 magis
955 3052 993 3125 in
1022 3054 1170 3152 longum
1207 3050 1407 3155 porreciarn
1446 3076 1551 3154 quam
1575 2971 1733 3124 lexreba·

461 3149 595 3245 §lionis
613 3151 776 3251 vulgaria
798 3149 1030 3250 pullulasset,
1057 3155 1209 3255 cunique
1237 3152 1334 3228 illam
1364 3177 1525 3229 cerneret
1547 3142 1733 3224 direrbtolo·

460 3277 557 3342 rem,
583 3249 716 3324 scilicet
736 3250 902 3342 rubram,
920 3276 1006 3327 mox
1024 3251 1153 3329 flavam
1173 3305 1185 3344 ,
1212 3254 1339 3329 deinde
1356 3246 1536 3343 viridem,
1563 3245 1665 3350 postea
1686 3266 1733 3317 ea·

461 3350 661 3442 ruleam&
691 3352 833 3425 tandem
862 3353 965 3452 supra
1003 3352 1198 3429 violaceam
1228 3407 1240 3445 ,
1274 3354 1342 3428 hoc
1380 3354 1616 3458 experimento
1645 3342 1731 3418 ltetut

461 3446 561 3523 suum
580 3447 735 3523 confecit
755 3449 900 3543 lyssema
929 3450 1079 3525 luminis
1104 3476 1210 3555 atque
1238 3456 1401 3529 colorum
1428 3509 1438 3528 .
1475 3449 1604 3529 Omnia
1626 3438 1732 3544 etptrl·

462 3572 607 3641 menta,
634 3549 760 3649 quibus
776 3551 864 3623 illud
883 3550 1141 3644 innixum'ell',
1169 3578 1342 3629 renovare
1360 3553 1519 3643 curavi,
1543 3552 1576 3625 ἃ
1598 3574 1633 3621 ea
1653 3553 1731 3641 (Μ’

460 3644 609 3750 loquine
631 3649 665 3725 id
685 3649 823 3741 licetl)
853 3649 981 3748 partim
1001 3648 1106 3743 falsa,
1132 3653 1297 3727 &omnia
1317 3652 1450 3754 reliqua
1476 3648 1595 3728 inveni
1616 3659 1730 3743 propter

461 3749 687 3823 omissionem
716 3749 864 3847 alicujus
890 3748 1162 3827 circumstanriae
1189 3754 1371 3854 aequivoca
1397 3781 1437 3828 ac
1455 3748 1598 3830 minime
1617 3735 1733 3816 conclu·

461 3848 620 3923 dentia.
657 3853 709 3924 Ut
738 3851 882 3924 unicum
912 3852 1073 3926 attendas
1100 3850 1247 3927 obsecro
1275 3907 1284 3926 .
1319 3854 1522 3953 Bipartitus
1549 3847 1590 3923 eb
1610 3842 1737 3935 Newtoss

461 3971 527 4018 nus
553 3949 720 4022 verticali
748 3950 841 4025 linea
870 3951 1033 4053 paginam
1055 3953 1343 4053 ,quadrangulam
1372 3936 1741 4054 oblongam&mediam

460 4045 629 4119 delinivit
667 4048 787 4122 colore
825 4051 934 4123 rubeo
963 4104 976 4140 ,
1010 4051 1162 4125 medla'm
1192 4055 1383 4127 coeruleo.
1420 4050 1565 4127 Deinde
1587 4038 1674 4141 seriei
1700 4058 1742 4135 m·

458 4143 607 4317 gerelmi
635 4144 735 4221 filum
754 4145 875 4244 saepius
892 4149 1150 4226 circumvolvit
1170 4151 1243 4242 ita,
1270 4177 1309 4225 ur
1328 4150 1461 4253 singula
1481 4150 1540 4228 fila
1555 4140 1677 4248 paginae
1700 4157 1742 4244 ct*

473 4268 582 4320 oratae
599 4243 848 4346 superindusia
866 4250 977 4325 lineas
1005 4251 1123 4351 nigras
1150 4250 1391 4326 exhiberent.
1417 4254 1478 4327 Eat
1506 4241 1645 4329 aduerso
1671 4258 1742 4344 pege

460 4345 513 4451 itae
539 4343 598 4420 sex
618 4346 746 4445 pedum
766 4351 1190 4450 duarumqueunciarum
1213 4348 1405 4426 intervallo
1434 4348 1550 4426 erexit
1566 4346 1742 4442 lentemvff·

463 4467 575 4519 tream
605 4447 726 4521 uncias
749 4454 796 4545 4}
812 4449 953 4540 latam,
980 4476 1056 4552 quae
1082 4451 1200 4527 radios
1224 4477 1269 4527 err
1299 4449 1444 4526 divetfis
1499 4450 1612 4550 agina
1637 4431 1740 4540 puflflss

461 4541 514 4617 ira
541 4546 765 4647 colligeret,
803 4573 840 4622 ut
867 4549 910 4623 ad
939 4551 1091 4626 totidem
1130 4552 1199 4626 alia
1227 4553 1357 4652 punbla
1385 4575 1426 4623 ex
1454 4479 1575 4625 altera
1599 4553 1772 4649 patttoe':

461 4643 540 4741 dem
577 4643 635 4719 sex
665 4646 793 4746 pedum
820 4649 1041 4750 duarumque
1078 4650 1265 4726 unciarum
1294 4650 1494 4727 intervallo
1525 4649 1623 4725 ultra
1645 4642 1748 4714 lentem
1767 4682 1771 4698 a

462 4770 687 4863 emergerent
711 4752 724 4823 .’
756 4752 853 4859 Cum
881 4751 1026 4861 tandem
1055 4752 1166 4828 altera
1200 4750 1325 4830 charta
1352 4752 1430 4853 alba
1458 4748 1655 4854 imaginem
1675 4730 1764 4823 enl⁰·.-

662 4860 666 4867 '
817 4857 823 4867 '
1227 4884 1233 4893 ·
1450 4854 1455 4865 '
1652 4860 1720 4919 tcta
