3625 5450
224 371 232 385 ’
363 363 1332 539 Ειυυιτοιυψῇςῦ

93 594 573 712 municeptultdiearetur,
587 594 846 692 additumeffe,
862 597 1013 703 quilibet
1024 604 1325 710 &euthicianum
1337 635 1407 688 non
1425 629 1588 704 luent

93 700 137 773 stt
160 719 263 773 narrt
279 695 407 771 obesae.
435 698 557 770 Tuam
577 698 669 791 jam,
689 696 839 791 Lesbos,
855 697 1026 798 judicium
1045 703 1136 797 ello,
1163 732 1335 807 quantum
1348 711 1402 785 vel
1425 721 1586 797 An01725.

94 799 246 888 souma,
274 798 330 870 vel
350 793 490 896 figure,
517 797 574 869 vel
592 795 841 895 inscriptiones
859 801 984 899 lapidis
1010 806 1054 879 ad
1072 808 1289 884 efferendum
1316 814 1402 885 Pro·
1422 791 1469 859 Μ·
1487 804 1566 883 Ᾱῦε·

98 899 226 1000 pertin
257 895 411 996 lapidem
436 892 597 973 satient.
625 896 760 970 Locum
789 949 801 989 ,
828 898 1004 992 litumre,
1033 927 1106 1002 quo
1135 930 1293 1007 repertur
1319 906 1365 983 eli
1393 929 1493 1017 ,pap
1514 935 1583 1014 3⁶9·

96 1001 264 1073 multum
294 994 470 1093 probare,
496 993 615 1094 eequis
640 997 808 1071 admittat
836 995 927 1073 haud
954 1002 1127 1099 ignarus,
1154 1031 1259 1106 quam
1287 1005 1408 1083 alieno

97 1097 256 1173 subinde
285 1097 366 1168 loco
393 1094 540 1192 antiqua
569 1118 802 1170 monumenta
822 1097 928 1172 hodie
946 1095 1186 1194 effodiantur,
1214 1108 1404 1203 per'tanta

102 1215 318 1295 temporum
346 1192 565 1281 intervalla«,
592 1194 687 1267 inter
715 1217 770 1267 tot
797 1197 937 1271 urbium
965 1221 1188 1298 operumque
1210 1227 1251 1275 ac
1278 1207 1404 1278 aedium

102 1298 234 1371 ruinas
259 1298 339 1367 loco
358 1317 476 1382 mota,
503 1291 580 1365 imo
608 1295 718 1367 multa
740 1295 904 1368 milliaria
924 1323 944 1369 a
961 1298 1104 1371 curiosis
1123 1301 1157 1371 dt
1185 1304 1404 1375 amatoribus

104 1394 344 1470 transteila?
361 1396 495 1465 Erutut
515 1391 561 1464 est
581 1394 612 1464 la
640 1394 668 1465 it
688 1391 803 1466 noller
819 1393 855 1467 in
873 1391 1114 1470 fundamentis
1136 1399 1278 1493 parietis
1297 1403 1334 1473 in
1347 1425 1404 1498 pa·

103 1497 200 1569 latio
212 1491 452 1581 Mooaldino,
478 1492 573 1589 quod
584 1419 674 1564 olim
684 1491 821 1565 Urbani
835 1495 1014 1594 possedisse
1027 1496 1256 1594 perhibentur
1275 1499 1403 1591 iidem,

103 1595 167 1694 qui
188 1596 225 1666 &
249 1593 371 1665 villam
392 1589 824 1689 tenuereHispellensem,
851 1592 887 1666 in
905 1620 975 1693 qua
993 1598 1118 1670 rudera
1145 1597 1224 1670 sunt
1254 1596 1407 1673 vetusta·

104 1719 186 1768 rum
207 1692 359 1782 tedium,
385 1715 470 1789 quat
486 1692 616 1762 demum
635 1693 741 1764 Paete
759 1690 975 1789 Hispellates
1003 1697 1111 1798 vulgo
1138 1697 1337 1793 appellant:
1365 1718 1406 1773 ut

104 1792 279 1865 credibile
298 1791 359 1881 lit,
387 1790 536 1887 lapidem
555 1816 597 1862 ex
616 1787 687 1862 illis
697 1790 879 1863 ruderibus
891 1791 1176 1887 primoeffolsum
1198 1794 1406 1870 abUrbanis

104 1892 142 1966 in
162 1891 339 1989 palatium
356 1889 455 1962 suum
474 1890 682 1964 translatum
703 1887 785 1962 else.
805 1891 870 1964 Sed
881 1891 1085 1985 conjeslura
1099 1891 1166 1983 esi,
1186 1895 1406 1969 incertatra·

107 1992 250 2066 ditione
269 2014 309 2063 ac
328 1989 424 2089 uulgi
444 1986 614 2086 opinione
632 1989 796 2062 subnixa:
827 1990 862 2061 dt
880 1993 965 2064 ecles
983 1995 1115 2078 Perre,
1142 1991 1288 2066 fortasse
1308 1993 1406 2089 supe·

106 2090 197 2164 riori
217 2088 379 2184 proxime
399 2109 505 2163 aetate
519 2087 664 2183 alicujus
690 2089 799 2187 vulgo
827 2090 1046 2189 appellarat,
1074 2089 1191 2167 statim
1219 2094 1403 2185 Propertiu-

106 2216 171 2262 ηας
196 2188 396 2278 affirmare,
421 2186 571 2260 nimium
601 2214 641 2261 ac
669 2190 897 2261 temerarium
928 2189 1049 2289 utique
1077 2190 1142 2263 est.
1170 2185 1413 2264 Camillam·-

109 2310 207 2362 certa
244 2288 386 2362 incertae
413 2285 511 2385 vulgi
539 2286 702 2383 opinioni
729 2285 864 2382 adjeeta
901 2287 1128 2379 noscantur,
1167 2281 1238 2363 non
1277 2286 1405 2387 perspi·

110 2388 186 2478 cio,
214 2387 304 2486 quid
321 2387 438 2475 locut,
464 2386 523 2457 ubi
551 2385 842 2484 deteiiuslapis,
870 2387 911 2459 ad
941 2384 1051 2484 ipsum
1072 2385 1260 2485 Propertio
1289 2387 1408 2460 vindi·
1476 2468 1482 2479 ¹

110 2486 264 2562 tandum
295 2481 450 2585 praeliare
477 2484 620 2558 debeat.
647 2487 736 2558 Non
765 2483 860 2556 enim
890 2483 952 2556 nist
981 2477 1123 2557 infirma
1152 2481 1304 2579 suspicio
1328 2483 1405 2576 est,

110 2589 152 2662 de
169 2585 288 2685 lapide
316 2583 522 2658 abUtbanis
549 2584 643 2657 inter
669 2584 758 2656 alios
784 2605 828 2653 ex
855 2578 927 2654 iltis
953 2581 1137 2656 ruderibus
1153 2583 1405 2680 lapidesadpa·

111 2686 240 2761 rietrm
258 2685 295 2759 in
317 2683 449 2782 palatio
467 2681 713 2758 exstruendum
743 2677 837 2754 sorte
865 2683 1057 2756 translator
1077 2682 1122 2780 ,ἃ
1150 2679 1406 2757 fideindustria

112 2811 131 2859 e
157 2785 272 2859 ruinis
298 2785 422 2858 iisdem
450 2836 463 2876 ,
496 2806 535 2857 ut
562 2807 628 2883 pto
665 2803 902 2856 monumento
931 2781 1167 2881 Propertiano
1204 2780 1365 2882 agnitum
1394 2831 1407 2871 ,

112 2907 394 2983 transportatum
423 2906 554 2982 ponat,
579 2882 658 2983 quit
686 2880 746 2954 fibi
774 2881 1000 2981 persuadeat,
1027 2904 1108 2954 eum
1137 2882 1174 2954 in
1197 2880 1407 2954 fundamen·

112 2985 209 3157 iit-1¹²
211 2979 1036 3159 lllllllllllllllllllssll‘ll
1069 2978 1405 3153 iis‘ainiiijiiii‘

113 3207 161 3255 tae
186 3110 310 3258 subpulae
337 3180 402 3255 isto
429 3107 734 3257 loco’clintulum
763 3176 919 3266 defosso,
948 3106 1120 3276 gariitetn
1150 3178 1262 3274 postea
1291 3176 1421 3272 ἰητροί

116 3280 237 3355 luisse.
261 3287 313 3356 Et
340 3283 494 3377 apertius
521 3282 659 3372 dicam,
686 3277 773 3377 quid
801 3304 872 3349 non
901 3276 971 3349 fine
1001 3275 1173 3372 probabili
1194 3274 1333 3363 ratione
1355 3271 1407 3345 su-

118 3379 251 3478 spicer.
275 3383 656 3469 teterrimarum,
682 3379 783 3476 supra
813 3397 1051 3464 memoratus,
1076 3376 1105 3461 J.
1123 3376 1165 3449 C.
1197 3371 1409 3467 Hispellas,

119 3480 222 3554 omni
249 3505 340 3578 paene
366 3481 578 3555 eruditionis
594 3480 659 3552 suae
673 3501 863 3576 apparatu,
889 3475 1024 3547 omnio
1051 3494 1108 3547 era
1127 3468 1312 3546 contendit
1323 3474 1410 3542 Pro·

118 3579 273 3678 peruium
293 3581 526 3678 Hispellatem
554 3578 712 3652 efficere.
738 3574 809 3649 Sub
836 3571 943 3649 finem
956 3572 1005 3649 Di
1038 3571 1281 3648 errationisde
1294 3572 1410 3665 patrie

112 3682 284 3777 Propertii
311 3682 428 3779 paucis
455 3682 529 3781 agir
558 3683 598 3753 de
628 3702 744 3751 morte
771 3700 810 3750 ac
838 3674 998 3769 sepulcro
1026 3672 1125 3764 ejus:
1155 3692 1306 3768 eumque
1336 3671 1409 3743 Ro·

114 3804 175 3854 tttoe
204 3783 423 3856 tumulatum
451 3783 636 3868 Crinitus,
662 3780 787 3847 Terror
813 3775 847 3844 δι
866 3770 1108 3863 lentegere,
1134 3767 1253 3841 nescio
1279 3765 1409 3861 unde,

111 3881 348 3979 perhibeant,
374 3882 455 3954 exin
482 3876 684 3954 concludit:
712 3878 750 3945 si
776 3873 879 3966 igitur
895 3870 1060 3962 Propertii
1085 3867 1208 3937 eineres
1233 3866 1269 3933 in
1286 3864 1372 3932 Urbe
1398 3913 1411 3952 ,

112 3981 192 4054 urie
217 3980 269 4053 θ
280 3983 428 4079 sepulcri
442 4001 699 4053 martinensem.
727 3974 867 4059 Verum,
893 3965 1055 4060 subjicit,
1082 3968 1166 4062 quid
1171 3963 1207 4048 st
1216 3960 1411 4056 bieHrspes·

84 4116 86 4121 ·
110 4084 138 4152 li
159 4108 234 4155 ator
265 4083 343 4155 elie
365 4082 411 4152 de
433 4081 601 4176 Propertio
627 4074 855 4167 earcifeenmr
869 4068 1117 4164 inscriptiones,
1142 4084 1204 4134 atet
1220 4082 1337 4151 eruta,
1353 4061 1411 4129 tres

111 4183 219 4274 ‘ff'ss‘
244 4202 478 4268 murmura,
501 4181 608 4275 excisa
635 4224 646 4266 ‚
672 4196 730 4245 rut
753 4173 850 4242 issara
873 4164 1087 4264 preferantur
1113 4214 1124 4254 ‚
1150 4161 1411 4257 divulgemus?

109 4284 273 4358 Vihcur
300 4281 359 4355 itio
387 4277 520 4379 aliquid
547 4276 714 4362 subesse,
750 4292 813 4346 aee
849 4290 987 4342 temere
1017 4265 1099 4336 talis
1131 4264 1175 4336 de
1203 4256 1411 4368 reperiendo

110 4379 204 4456 ferte
229 4374 668 4477 monmeutneropereii
694 4369 879 4471 sepulcrali
905 4363 998 4462 apud
1008 4362 1221 4461 Hispellates
1233 4356 1412 4468 prudiiito

108 4482 289 4579 preferri.
318 4482 407 4555 Non
435 4478 587 4573 injurius
612 4473 672 4549 fiat
699 4472 736 4544 iu
766 4494 883 4544 manes
910 4461 1090 4539 Donnolae
1114 4511 1125 4551 ,
1153 4458 1320 4568 squidem
1350 4473 1413 4549 prat
1433 4468 1504 4551 pag.
1524 4478 1591 4549 37⁰·

37 4654 38 4677 ξ
102 4580 240 4660 smtdit
264 4636 277 4674 ,
305 4602 427 4656 amere
455 4578 580 4678 patriae·
603 4576 677 4666 ,·&
702 4565 887 4643 laboriosa
914 4564 1001 4638 aden
1029 4562 1094 4636 suae
1121 4560 1164 4635 tle
1193 4580 1305 4656 patrtt
1326 4554 1412 4628 Pro·

37 4732 39 4813 l
75 4687 215 4784 pretii
246 4677 560 4758 commentationi
581 4672 815 4753 autoritatem
842 4668 877 4738 tr
905 4659 1218 4737 confirmationem
1245 4652 1413 4824 adjirdiien·

38 4816 39 4851 l
