3625 5450
522 360 611 487 mi
738 312 1103 446 Aaron
1174 283 1542 432 urum)

270 548 558 655 'rodvinuobis
584 580 667 638 eum
695 528 1095 660 nonnullis²imagiltari
1122 540 1326 630 debemus,
1360 534 1422 633 qui
1449 536 1607 639 mentem
1635 510 1753 602 meam

273 667 425 808 Supplem.
457 689 580 767 parum
612 657 866 763 perspexerunt
894 678 910 741 ,⁵
938 670 1096 754 ammam
1131 646 1417 748 unamquamque
1451 633 1577 705 ltabere
1605 628 1749 705 massaria

273 745 309 808 δ(
339 785 348 807 ·
368 745 424 808 XI·
478 763 628 838 uandam
647 778 707 831 aut
726 751 930 854 portionem
950 744 1104 819 materia
1122 740 1291 842 propriu,
1307 736 1342 807 dt
1363 759 1424 832 per
1442 730 1657 829 consequens
1674 725 1750 822 pos·

327 922 330 927 «
451 790 561 937 sidere
587 858 655 932 alia
682 849 848 926 viventia
875 844 1046 920 iuferiora
1071 841 1207 941 semper
1234 838 1277 912 ad
1304 833 1407 947 ipsius
1432 828 1577 906 servitia
1602 825 1750 901 delliua·

451 984 511 1037 ta.
538 954 674 1033 Omnia
700 949 795 1023 enim
822 968 972 1044 corpora
999 942 1160 1020 rivorum
1188 935 1295 1011 inllar
1322 958 1358 1004 tn
1385 950 1556 1029 perpetuo
1579 925 1659 999 sunt
1687 921 1751 998 flu·

319 1066 321 1075 ⁴
367 1078 371 1089 '
454 1086 505 1136 xu
531 1058 565 1132 δι
596 1057 711 1153 partes
738 1048 812 1122 aliu
830 1041 1005 1118 continuo
1022 1039 1301 1140 ingrediuntur,
1326 1030 1401 1104 aliae
1425 1024 1677 1127 egrediuntur.
1705 1046 1748 1115 75

453 1161 513 1236 Ita
539 1155 657 1230 anima
685 1173 757 1222 nou
785 1164 901 1217 mutat
926 1163 1053 1237 corpus
1080 1137 1142 1210 nisi
1168 1134 1288 1209 seusun
1313 1124 1565 1226 sensimque&
1594 1148 1655 1218 per
1675 1144 1751 1222 gra·

454 1256 549 1344 dus,
575 1253 624 1325 ita
652 1272 691 1321 ut
718 1236 1092 1342 nunquamomnibus
1117 1233 1186 1308 suis
1210 1229 1354 1329 organis
1382 1249 1453 1297 uno
1478 1220 1662 1321 qualiislu
1683 1217 1750 1319 pri·

453 1376 579 1431 vetut.
605 1351 656 1422 Et
673 1345 803 1419 dantur
820 1337 940 1436 sapius
961 1329 1260 1432 metamorphoses
1275 1330 1313 1402 in
1330 1322 1569 1410 animalibus,
1587 1316 1644 1391 sed
1664 1344 1750 1392 nun·

457 1475 565 1553 quarn
591 1437 907 1540 Meternplycbolis
933 1432 992 1508 seu
1018 1427 1287 1531 transmigratio
1309 1424 1519 1505 ⁴animarum
1547 1421 1667 1492 locum
1696 1416 1753 1488 laa-

456 1552 537 1626 bet.
563 1548 692 1644 Neque
718 1540 827 1613 etiam
855 1538 986 1609 dantur
1011 1531 1137 1607 anima
1165 1524 1304 1628 prorsus
1328 1527 1491 1621 separate
1516 1570 1525 1590 .
1553 1524 1603 1609 76
1632 1521 1753 1617 Atque

457 1650 541 1723 ideo
568 1644 676 1717 etiam
706 1640 801 1713 nulla
827 1635 932 1709 datur
957 1629 1170 1731 generatio,
1198 1650 1263 1699 nec
1288 1627 1384 1696 mors
1409 1615 1593 1717 persedit,
1616 1609 1754 1713 rigoro'·

307 1803 317 1820 .
457 1748 493 1821 se
519 1740 725 1854 loquendo.
752 1740 842 1808 Sunt
869 1733 966 1804 enim
993 1727 1218 1802 evolutiones
1236 1725 1279 1794 dc
1306 1717 1523 1794 accretioues
1549 1767 1562 1802 ,
1588 1737 1671 1813 quat
1696 1712 1755 1810 ge'·

459 1862 665 1919 necationes
682 1833 916 1933 appellamus3
943 1824 1240 1928 quemadmodum
1269 1816 1512 1894 involutiones
1538 1813 1576 1884 dr
1602 1810 1753 1885 diminu-

459 1941 595 2027 tiones,
620 1936 716 2037 quod
744 1952 896 2004 mortem
925 1948 1111 1999 vocamus.
1140 1948 1185 2014 77
1215 1920 1402 2018 Perplexos
1428 1910 1581 1985 reddidit
1601 1907 1720 1985 Philus
1731 1912 1742 1921 “

458 2038 548 2140 phos
573 2033 678 2132 origo
702 2029 923 2114 formarum,
946 2021 1222 2097 entelechiarum
1251 2041 1311 2092 aut
1335 2015 1558 2096 animarum
1583 2006 1645 2081 sed
1670 2007 1756 2106 pull·

460 2158 568 2237 quatu
588 2130 694 2203 hodie
720 2122 1025 2199 observationibus
1052 2119 1181 2194 caenis
1206 2119 1249 2193 de
1274 2114 1425 2213 plantis,
1451 2105 1593 2182 inseetis
1619 2108 1654 2178 &
1683 2104 1758 2179 ani·

461 2232 611 2309 tualibus
638 2246 860 2325 compertum
890 2218 936 2293 est
964 2273 975 2310 ,
1009 2220 1105 2319 quod
1139 2218 1226 2289 hec·
1246 2237 1408 2310 corpora·
1429 2206 1596 2306 organica
1622 2226 1759 2289 natura

462 2350 645 2428 nunquam
672 2348 718 2396 ex
745 2322 835 2395 clrao
861 2319 919 2391 seu
945 2315 1203 2416 putresadlioue
1229 2313 1400 2409 prodeant
1428 2360 1440 2397 ,
1474 2305 1531 2378 sed
1556 2300 1760 2377 coullanter

463 2454 527 2532 per
545 2424 708 2511 semina,
731 2419 768 2493 in
796 2418 922 2519 quibus
948 2417 1017 2489 line
1044 2414 1143 2487 omni
1171 2411 1279 2495 dubio
1306 2411 1410 2482 datur
1436 2405 1593 2505 quadarn
1619 2398 1762 2498 praefor-

465 2524 616 2607 mati03
652 2520 747 2592 hine·
763 2515 1024 2613 concluditur,
1059 2535 1185 2610 eorpus
1213 2532 1284 2583 nou
1312 2508 1420 2581 modo
1454 2500 1662 2600 organicum
1689 2498 1763 2594 jam

466 2619 690 2730 praestitisse
706 2637 791 2689 ante
808 2613 1101 2710 conceptionem,
1125 2608 1183 2683 sed
1208 2606 1316 2680 etiam
1344 2605 1498 2679 animaru
1526 2600 1564 2672 in
1591 2598 1660 2671 hoc
1678 2618 1765 2669 'cor-

490 2748 589 2811 ore,
615 2717 684 2789 hoe
709 2713 794 2804 eu,
829 2711 961 2787 animal
988 2707 1101 2807 ipsum
1130 2762 1139 2782 .
1172 2709 1220 2781 Et
1248 2732 1309 2806 per
1335 2700 1607 2800 conceptionem
1631 2694 1767 2771 animal

464 2819 555 2895 allud
575 2811 826 2890 tantummodo
851 2807 1050 2906 disponitur
1075 2807 1118 2880 ad
1146 2819 1308 2905 magnam
1336 2803 1513 2903 quandam
1532 2795 1766 2872 transforma·

467 2918 604 2991 tionem
630 2965 642 3003 ,
667 2931 707 2983 ut
734 2907 797 2981 liat
825 2909 958 2981 animal
983 2906 1129 2980 alterius
1153 2904 1281 3003 speciei
1306 2911 1322 2975 .'
1342 2899 1465 2974 Simile
1491 2896 1577 2999 quid
1593 2895 1769 2969 'videmus

468 3037 570 3089 extra
596 3005 884 3111 generationem,
910 3030 940 3075 e.
958 3011 1010 3101 gr.
1036 3003 1179 3101 quando
1203 3026 1353 3074 vermes·
1370 2998 1461 3072 liunt
1481 2996 1607 3072 muscae
1633 2995 1670 3066 dt
1689 3017 1770 3065 eru·

468 3139 516 3186 cae
542 3107 773 3208 papiliones.
811 3110 856 3194 7'8
885 3101 1106 3190 Animalia,
1133 3125 1284 3198 quorum
1313 3099 1483 3172 nonnulle
1508 3095 1696 3168 elevantur
1722 3091 1771 3166 ad

469 3212 617 3316 gradum
637 3201 875 3276 maximorum
900 3198 1135 3273 animantium
1163 3223 1268 3310 ,ope
1295 3194 1569 3292 conceptionis,
1597 3187 1775 3291 appellari

469 3306 613 3406 polsunt
631 3302 855 3396 Spermeeiea:
883 3297 997 3370 ledea
1018 3349 1030 3387 ,
1049 3319 1129 3395 quat
1146 3296 1297 3395 spectem
1322 3321 1394 3367 non
1422 3315 1563 3366 mutant
1584 3342 1596 3379 ,
1623 3286 1778 3362 nascun-

468 3413 550 3492 tur,
577 3396 912 3498 multiplicantur&
931 3394 1177 3483 dellruunt'ur,
1192 3392 1490 3495 quemadmodum
1509 3386 1681 3463 animalia
1700 3411 1778 3458 naa-

469 3514 540 3611 gnt
552 3527 573 3573 .’
587 3502 720 3573 Parvus
737 3495 929 3608 admodum
946 3512 1113 3566 uumerus
1129 3491 1421 3580 est-eleuorum,
1443 3489 1507 3589 qui
1525 3487 1568 3561 ad
1586 3484 1781 3559 theatrum

469 3622 583 3695 marus
609 3594 919 3694 progredauutur.
956 3617 1003 3688 79
1029 3593 1096 3663 Sed
1132 3591 1203 3663 uaec
1230 3607 1302 3662 nou
1330 3588 1393 3660 nist
1419 3585 1568 3660 dimidia
1603 3582 1781 3657 veritatis

470 3719 551 3797 pars
571 3694 645 3767 ell.
671 3691 831 3779 Iudicavi
859 3690 1000 3786 igitur,
1026 3686 1049 3759 fi
1077 3687 1206 3761 animal
1233 3710 1412 3786 nunquam
1442 3683 1654 3759 naturaliter
1684 3681 1781 3755 inci·

470 3796 543 3895 pit,
569 3816 633 3867 nee
650 3813 805 3889 unquam
821 3787 1031 3863 naturaliter
1048 3784 1155 3858 liniri
1172 3785 1321 3874 debere,
1347 3785 1382 3856 δι
1402 3808 1474 3856 nou
1501 3781 1610 3856 ruodo
1635 3782 1781 3853 nullam

470 3892 548 3967 dari
564 3890 853 3992 generationem,
880 3884 1130 3958 verumetiam
1159 3885 1292 3956 nullam
1318 3881 1591 3956 destrudlionent
1620 3881 1781 3954 totalem

290 4020 363 4105 pq,
384 4035 452 4100 tta.
471 3991 530 4066 seu
558 4011 710 4062 mortem
739 3983 895 4099 rigorose
923 3983 1072 4056 sumtam
1100 4036 1110 4057 .
1146 3988 1269 4082 Atque
1306 3982 1496 4054 ratiocinia
1523 3977 1586 4052 illa
1613 4003 1630 4052 a
1657 3977 1777 4074 poste

470 4087 560 4167 riori
596 4086 689 4159 faeta
712 4107 847 4185 opttme
873 4107 953 4155 cum
984 4079 1166 4179 principiis
1202 4079 1289 4153 meis
1315 4105 1397 4153 ante
1424 4106 1443 4154 a
1469 4078 1581 4179 priori
1606 4077 1781 4151 dedusslir

471 4185 719 4265 concordant.
749 4188 794 4252 80
820 4183 877 4253 lta
898 4181 1045 4252 asserere
1063 4179 1175 4268 licet,
1202 4201 1275 4251 nou
1294 4180 1404 4251 modo
1430 4179 1587 4252 animam
1612 4178 1781 4265 (mund

470 4278 759 4363 iudelltuslibilis
782 4278 1001 4377 speculum)
1033 4275 1101 4348 else
1128 4274 1443 4350 innuruuuilem
1471 4304 1483 4362 3
1512 4299 1637 4349 veruna
1665 4277 1781 4350 etian

473 4384 605 4461 animal
632 4378 774 4478 ipsunt,
799 4375 964 4475 quamvis
989 4374 1153 4447 machina
1181 4372 1286 4471 ipsius
1312 4375 1432 4474 saepius
1461 4399 1627 4471 exparte
1656 4385 1781 4473 peren

451 4577 455 4584 ι
474 4485 510 4556 8<
528 4480 712 4553 involucra
729 4499 771 4546 or
797 4473 895 4548 anisa
913 4473 1073 4570 linquat,
1100 4471 1158 4545 vel
1177 4471 1313 4586 capiat.
1342 4482 1383 4545 ur
1406 4478 1505 4548 ·Haec
1523 4473 1716 4575 principia
1739 4482 1781 4550 de

300 4607 321 4622 ¹·
355 4609 361 4638 ¹
475 4584 558 4722 dere
593 4576 680 4652 ruilri
707 4500 874 4648 medium·
898 4570 1112 4646 naturaliter
1136 4571 1535 4672 explicandi-unionem
1566 4598 1630 4648 aut
1662 4575 1781 4676 potis

1644 4701 1757 4753 con·
