3625 5450
328 329 1100 468 Ereptroenn.
1225 349 1316 486 563

9 556 11 618 ζ
78 556 188 634 ,βίαι
205 552 333 645 nereis,
350 556 470 648 serre,
493 552 615 648 galea,
634 549 795 648 'ferroque
809 551 967 650 insignem
983 584 1001 628 e
1015 558 1094 628 sudo
1107 576 1247 653 putares
1258 561 1395 659 gladie·
1410 578 1573 652 neuma,

8 655 13 721 l
75 665 169 733 rotie
182 658 377 756 procedere.
406 656 482 724 Nec
497 656 555 723 isse
572 653 709 737 deerat,
736 657 797 749 qai
814 653 1044 750 magistrarum
1054 659 1210 753 fascibus
1224 675 1391 759 pappum.
1416 667 1571 741 nn.t726.

9 786 10 789 ¹
76 784 148 857 qne
165 761 319 831 luderet:
347 779 408 826 trec
433 754 494 846 qai
508 753 633 849 pallia,
656 756 866 850 baculoque,
891 760 937 826 0⁹
951 763 1085 847 baxeas,
1112 755 1157 827 (V
1175 763 1299 834 hircina
1312 773 1389 843 dar·
1410 739 1457 805 M·
1471 745 1571 825 April·

75 863 166 933 betia
180 857 412 957 philosophum
425 851 593 947 fingeret:
620 879 682 926 etc
706 864 767 951 qrtr'
794 857 943 943 drvrrsts
966 866 1192 934 crendentibus
1218 871 1306 936 alter
1331 889 1390 938 atr·

76 983 198 1058 cepe..
223 985 298 1030 eam
323 961 436 1044 vesco,
461 958 550 1032 ester
574 956 771 1047 piscatorem
797 981 872 1029 cunr
897 960 995 1032 banco
1020 962 1219 1035 induceret.
1248 968 1305 1039 Ex
1334 966 1389 1041 his

77 1060 304 1160 probabilem
334 1056 417 1131 latis
444 1057 675 1148 personarum
704 1057 741 1131 in
771 1056 940 1132 baslenus
966 1060 1144 1160 descripto
1172 1066 1388 1141 numismate

72 1162 319 1255 expressarum
337 1154 555 1229 occasionem
578 1157 735 1229 dilucere
755 1179 873 1253 puto:
901 1185 1057 1257 quorum
1077 1185 1169 1235 vero
1197 1162 1386 1241 hominum

74 1262 202 1334 uultus
218 1261 344 1331 iisdem
364 1252 676 1345 represententut,
697 1280 735 1329 ut
753 1283 822 1355 ego
838 1256 1031 1351 deliniam,
1056 1259 1152 1358 exigi
1180 1263 1280 1337 nullo
1305 1264 1383 1360 jure

76 1359 215 1461 potest.
244 1358 379 1450 Quodsr
397 1381 516 1428 tamen
545 1354 708 1454 personas
725 1359 922 1433 Alexandri
952 1361 986 1434 dc
1008 1359 1265 1458 Olympiadis,
1291 1389 1381 1461 quo·

76 1459 292 1558 rumcapita
313 1457 417 1531 simili
438 1455 552 1553 positu
571 1456 607 1528 in
635 1456 787 1555 gemmis
811 1458 1039 1550 obveniunt,
1065 1462 1101 1533 dt
1127 1484 1217 1559 quos
1243 1464 1280 1535 in
1308 1465 1378 1538 scess
1399 1476 1468 1560 Peg.
1490 1480 1560 1548 162.

75 1560 165 1638 nicis
192 1562 363 1632 ludorum
390 1555 617 1655 apparatibus
644 1554 700 1629 isli
730 1557 913 1657 Principes
938 1560 1142 1639 Alexandri
1169 1565 1379 1644 Macedonis

74 1661 190 1734 emuli
219 1658 334 1732 dubio
362 1656 485 1754 procul
514 1681 586 1730 non
615 1655 684 1730 stne
711 1655 979 1736 obleslamento
1008 1659 1174 1760 singulari
1204 1665 1378 1760 produxe·

73 1785 179 1847 runt,
207 1760 297 1832 velia
316 1755 526 1855 agnoscere,
554 1782 625 1830 non
653 1756 863 1832 intercedo.
894 1761 1023 1861 Neque
1050 1758 1145 1834 obest
1167 1762 1378 1839 deformitas

74 1860 134 1933 illa
160 1861 195 1932 δι
224 1857 443 1931 truculentia
467 1857 627 1956 quedam
655 1855 694 1930 in
722 1857 831 1931 larvis
849 1859 904 1932 bis
922 1860 1135 1959 conspicua,
1157 1865 1376 1938 cumenvul·

75 1983 176 2033 tuum
197 1957 316 2033 sorma
336 1959 372 2030 in
391 1957 551 2054 personis
574 1956 721 2031 scenicis
747 1960 900 2033 omnino
928 1960 1052 2036 usitata
1072 1951 1117 2035 ac'
1133 1988 1280 2062 propter
1298 1989 1376 2039 mo·

72 2085 146 2134 rem
182 2058 362 2132 scenicum
400 2057 500 2154 plane
526 2055 724 2134 adhibenda
751 2058 896 2134 suerit.
935 2062 977 2135 ln
1015 2061 1132 2135 altero
1159 2062 1374 2141 numismate

69 2158 230 2235 aduerso
254 2156 479 2257 personarum
506 2158 589 2231 loto
617 2182 716 2233 extat
742 2183 849 2256 caput
870 2157 1099 2248 Alexandri,
1126 2161 1164 2235 in
1190 2165 1375 2261 quoPrin·

67 2256 244 2361 cepseiut
262 2256 460 2333 admirator
487 2255 641 2332 sortallis
666 2258 739 2358 ipse
765 2260 843 2332 suos
871 2260 990 2333 vultus
1016 2258 1198 2358 effigurari
1226 2262 1370 2338 uoluit.

69 2408 220 2513 Signum
239 2432 360 2484 autem
378 2406 463 2518 illud
580 2464 591 2501 ,
617 2413 651 2483 &
679 2408 770 2485 huie
788 2409 892 2486 alteri
910 2435 1060 2486 nummo
1068 2411 1320 2510 Alexandrino
1335 2416 1372 2488 dt

69 2561 150 2638 asiis
165 2560 406 2637 conturniatis
421 2559 621 2658 adjectum,
647 2561 867 2661 interpretor
885 2583 1007 2654 notam
1026 2564 1374 2637 RESTITUTlo·

69 2665 183 2754 NlS,
209 2685 251 2736 ert
267 2662 379 2736 literis
399 2664 433 2736 R
462 2662 495 2735 ἃ
517 2665 547 2737 E
567 2688 667 2736 more
694 2657 873 2737 artificum
904 2660 953 2736 ita
979 2659 1229 2760 conjunctam,
1259 2684 1297 2736 ut
1317 2660 1374 2735 su·

69 2763 193 2863 perior
221 2763 314 2837 linea
338 2760 535 2839 trantuersa
560 2763 672 2837 litera
701 2766 733 2836 E
760 2760 914 2835 fulcrum
944 2760 1112 2859 posserius
1138 2764 1175 2837 in
1204 2763 1307 2834 litera
1335 2763 1371 2836 R

70 2864 241 2936 omissum
260 2864 432 2960 suppleat.
460 2864 674 2937 Renovatos
701 2861 796 2935 enim
820 2861 1006 2962 plerosque
1023 2862 1372 2965 conturniatoselse,

71 2961 139 3062 qui
158 2960 264 3038 hodie
281 2962 483 3060 supersunt,
500 2964 540 3044 ¹dr
560 2959 755 3036 artificium
776 3014 787 3051 ,
814 2986 887 3061 quo
906 2961 1042 3060 proculi
1059 2960 1168 3055 sunt,
1193 2960 1372 3035 recentius

67 3061 153 3136 satis
173 3059 355 3136 manifesto
381 3061 526 3159 prodit,
551 3062 587 3136 dt
615 3063 823 3137 nummariae
842 3062 893 3136 rei
912 3062 1017 3162 periti
1036 3061 1211 3137 testantur
1225 3085 1371 3153 omnes,

68 3159 132 3263 qui
150 3161 186 3237 ἃ
206 3182 379 3233 revererer
394 3160 470 3233 sere
486 3164 628 3245 eosdem
646 3165 825 3263 appellare
851 3163 994 3253 solent,
1021 3188 1109 3263 quos
1136 3166 1221 3237 alias
1246 3184 1373 3234 conrar-

68 3265 182 3333 rrimr
198 3283 350 3336 rotant.
379 3260 480 3333 Noui
498 3264 672 3359 quidem,
699 3265 806 3339 aliam
824 3265 891 3337 esse
918 3260 1154 3336 restitutionis
1181 3285 1302 3334 notam
1332 3259 1372 3330 in

67 3363 229 3437 nummis
265 3387 326 3458 per
351 3360 552 3455 Trajanum
589 3365 748 3461 aliosque
777 3362 961 3464 Principes
994 3360 1203 3435 restitutis:
1239 3357 1296 3432 sed
1332 3356 1372 3431 in

67 3460 352 3536 recentioribus
381 3458 637 3536 numismatum
665 3488 795 3561 genere
820 3488 934 3563 eoque
960 3460 1127 3561 singulari
1153 3459 1256 3534 facile
1285 3455 1373 3532 noui

65 3562 261 3663 quidquam
280 3563 315 3635 dt
334 3558 494 3635 inusitati
512 3561 571 3637 vel
587 3563 625 3636 in
648 3558 713 3636 bac
730 3563 838 3637 etiam
868 3585 957 3636 nota
981 3562 1114 3638 laetum
1144 3562 1212 3635 else
1232 3558 1369 3658 potuit.

66 3666 183 3737 Nunc
202 3687 370 3763 pergam,
394 3685 475 3735 cum
504 3687 588 3761 pace
612 3659 806 3738 doslissrmi
825 3664 1085 3757 Havereempi,
1110 3663 1153 3735 ad
1182 3658 1269 3734 alias
1296 3658 1371 3752 ejus

67 3763 110 3837 de
130 3767 290 3836 nummis
313 3762 523 3862 quibusdam
551 3762 793 3841 conturniatis
821 3760 1084 3831 obscurioribus
1112 3757 1370 3851 conjesluras,

64 3888 131 3936 nec
152 3887 276 3937 tamen
296 3887 422 3936 omues
438 3861 640 3962 attingam,
659 3856 717 3931 sed
735 3857 980 3943 extensiores,
999 3857 1033 3926 δι
1052 3858 1094 3926 de
1113 3856 1372 3952 quibusmone-

64 3988 103 4035 re
123 3988 241 4059 opera
260 3962 416 4060 pretium
436 3963 524 4036 erit.
553 3963 674 4061 Quam
691 3957 740 4033 ob
760 3957 899 4031 causam
919 3953 1167 4028 malitVirCl.
1184 3978 1312 4048 pag.39
1333 3951 1371 4064 in

62 4088 220 4136 nummo
240 4061 394 4159 septimo
411 4061 683 4151 Alexandrino,
710 4057 772 4158 qui
791 4054 934 4131 aversus
950 4052 1118 4152 juvenem
1139 4055 1271 4126 alatum
1291 4076 1372 4150 rupt

61 4162 312 4252 insudentenn,
338 4189 444 4237 utam
471 4183 654 4237 tenentem
684 4182 821 4248 manu,
849 4154 941 4229 velle
969 4156 1013 4230 ad
1041 4152 1161 4252 pessus
1189 4152 1371 4240 redusit,

59 4264 234 4351 exhibet,
261 4263 410 4362 enigma
437 4287 593 4362 querere
620 4260 656 4334 dt
683 4256 883 4353 symbolum
902 4255 1109 4342 vitiorum,
1135 4254 1261 4351 quibus
1291 4252 1372 4323 Ma·

58 4366 155 4440 cedo
175 4364 331 4464 gloriam
352 4388 470 4435 return
488 4362 663 4462 gestarum
682 4356 909 4447 obscuravit,
936 4359 1079 4430 tandem
1109 4353 1158 4425 ibi
1176 4350 1371 4449 deprehen·

54 4463 167 4551 dere,
197 4489 306 4565 quarn
331 4464 454 4536 Daciae
474 4464 633 4537 Genium
653 4463 690 4533 in
712 4461 857 4552 rupibus
884 4455 954 4530 suis
982 4457 1158 4528 sedentem
1187 4477 1296 4549 utque¹
1319 4449 1372 4521 in·

52 4562 154 4666 ligne
177 4568 332 4637 alterurn
363 4560 988 4642 DncttEuRUGlFERAE
1015 4578 1123 4627 uuam
1144 4553 1269 4625 dextra
1290 4571 1374 4645 pra·
1516 4554 1543 4563 ’“

50 4664 239 4742 &rentem
268 4664 491 4766 agnoscere,
517 4688 586 4764 ego
611 4661 758 4761 quidem
786 4684 858 4731 non
887 4657 1062 4755 perspicio
1088 4685 1097 4727 e
1126 4653 1186 4727 ala
1212 4648 1372 4723 enim&

51 4767 161 4855 restit
180 4766 325 4871 pusioni
339 4763 481 4866 juvenis
497 4764 644 4855 addita,
670 4783 748 4861 quat
773 4756 813 4832 iu
823 4755 1063 4933 Balpipbflatia
1082 4750 1206 4832 Genio
1232 4750 1377 4848 signante

113 4916 140 4935 -,
1003 4880 1022 4927 2
1225 4873 1326 4926 num·
