3625 5450
494 332 614 407 5200
719 328 787 389 ,ῖτ
920 291 1021 397 f'A't
1059 320 1100 393 <5
1150 309 1246 393 3⁰1⁸*
1289 315 1321 390 'll
1376 314 1391 375 ''-
1441 274 1479 371 f*

260 534 431 604 mmm
445 512 554 591 ritate
570 516 606 586 bc
619 507 850 585 distinbtiune
876 533 918 585 ac
942 507 980 581 in
998 499 1180 581 rumorum
1201 524 1246 577 ex
1264 499 1402 603 periolo
1419 520 1548 576 exortu
1570 487 1677 570 nobis
1691 518 1745 573 et·
1773 508 1801 591 tl

151 661 154 665 -
262 622 326 679 Au·
342 636 426 697 1722·
442 611 595 686 hibuit.
629 612 765 683 Ramos
791 608 838 681 fic
864 606 996 682 divisos
1019 604 1140 689 denuo
1169 599 1248 675 ficri
1274 599 1431 674 bifurcos
1454 595 1745 674 observavimus:
1776 612 1800 657 1³

264 695 312 757 Μ·
332 694 405 769 1³⁰²
446 734 553 811 atque
572 710 623 783 ita
639 706 852 781 enascuntur
870 704 1021 778 surculi.
1049 707 1106 776 Ex
1124 700 1233 777 ramis
1251 701 1384 799 puriter
1399 721 1507 797 atque
1523 694 1742 807 surculis-alii
1775 711 1801 759 v·

445 810 604 883 minores
621 827 814 880 excurrunt
833 805 961 879 surculi
982 803 1027 877 ab
1051 825 1124 874 uno
1144 822 1246 874 ramo
1272 800 1330 870 vel
1356 795 1497 871 surculo
1522 794 1747 894 progredren·
1776 814 1795 857 a

445 906 558 981 tcaad
577 907 754 994 alterum,
780 927 949 1004 atqueex
978 901 1033 974 hia
1051 900 1169 973 denuo
1195 896 1260 970 alii
1277 895 1415 973 'abuno
1440 895 1582 968 surculo
1608 890 1745 966 minore
1784 888 1801 959 'u

444 1006 659 1081 adulterum
680 1003 860 1102 protensi:
889 1002 982 1075 unde
1011 999 1132 1098 plexus
1163 994 1398 1083 reticulatus,
1423 1016 1513 1092 quoa
1541 1016 1613 1065 nou
1641 993 1746 1066 modo
1784 1016 1801 1062 rt

446 1105 570 1179 oculus
587 1105 720 1193 nudus,
745 1098 889 1198 objeiio
907 1089 1479 1190 interoculum&lumenposiro‚
1505 1091 1745 1165 verumetiam
1787 1118 1799 1163 a

446 1199 801 1298 armatusimprimis
827 1196 1041 1297 distinguit,
1068 1193 1299 1267 formantur.
1336 1193 1436 1264 Intra
1462 1189 1619 1264 areolam
1648 1190 1746 1263 unius
1796 1219 1801 1265 t

446 1303 570 1400 plexus
588 1298 732 1372 subinde
752 1321 948 1372 excurrunt
967 1294 1095 1366 surculi
1122 1292 1304 1381 minores,
1323 1290 1451 1386 quibua
1476 1290 1597 1388 plexus
1624 1289 1746 1364 rericu·
1795 1322 1801 1365 u

447 1403 539 1472 lares
556 1398 714 1472 minores
733 1397 827 1470 iutra
848 1394 1023 1492 majorem
1049 1389 1285 1463 efformantur
1304 1440 1315 1478 ,
1342 1387 1375 1458 dc
1394 1387 1457 1487 qui
1473 1387 1608 1487 aliquid
1627 1387 1745 1462 viridi·
1796 1423 1801 1471 t

435 1496 536 1571 -tatir
553 1495 669 1569 secum
690 1494 847 1568 ferentes
865 1492 1001 1568 carceris
1020 1488 1137 1564 miuus
1155 1486 1323 1586 pellucidi
1342 1509 1575 1583 compatrum
1598 1487 1677 1561 imo
1700 1486 1747 1560 lu·
1799 1524 1801 1571 1

449 1594 547 1669 mine
568 1593 713 1692 desuper
733 1594 770 1666 in
791 1591 917 1671 faciem
937 1590 1016 1663 folii
1041 1586 1200 1663 aversam
1228 1585 1352 1683 illapso
1366 1584 1594 1677 collustrati,
1618 1585 1749 1661 tarteria
1800 1624 1801 1637 κ

448 1690 678 1766 exilientibus
696 1691 855 1765 candidis
875 1686 1111 1789 nigrescunt‚.
1129 1682 1268 1785 &quasi
1285 1708 1398 1759 crema
1411 1687 1450 1760 iu
1466 1682 1749 1760 substautiautri-

449 1791 565 1865 culola
583 1790 816 1865 exhibentur.
1275 1840 1282 1855 .
1502 1822 1508 1833 ·
1750 1790 1757 1803 ’

438 1958 441 1967 2
500 1918 533 1982 9.
561 1890 668 1963 Nihil
688 1889 725 1962 in
745 1913 823 1963 rota
841 1887 924 1961 folii
946 1884 1128 1963 anatomia
1146 1882 1248 1957 nobis
1268 1884 1344 1981 plut
1360 1881 1448 1957 fecit
1461 1883 1622 1981 negotii,
1645 1905 1749 1984 quam

450 1988 616 2062 utriculi.
645 1991 745 2060 Inter
773 1989 893 2059 lumen
912 1988 1004 2059 Solis
1023 1987 1057 2057 ἃ
1078 1986 1212 2056 lentem
1241 1981 1531 2080 microscopicam
1558 1980 1750 2069 collocati,

450 2085 590 2158 obscuri
617 2110 819 2183 apparent:
857 2085 991 2158 constat
1019 2107 1138 2157 tamen
1158 2132 1170 2171 ,
1194 2079 1286 2156 huuc
1315 2081 1417 2154 situm
1448 2079 1753 2157 observationibus

451 2182 607 2259 maxime
627 2184 845 2255 convenire.
873 2184 972 2257 Idem
995 2181 1106 2254 etiam
1122 2179 1276 2271 accidit,
1301 2178 1491 2253 liobtutua
1513 2178 1688 2278 dirigatur
1714 2176 1752 2248 in

451 2280 577 2361 faciem
599 2308 617 2354 a
637 2281 773 2354 lumine
793 2281 1063 2370 collustratum,
1087 2302 1244 2376 tuncque
1270 2276 1361 2352 haud
1382 2302 1505 2377 parum
1519 2276 1755 2351 confunditur

442 2377 631 2479 ,cuticula,
658 2379 965 2479 quaedifficillime
983 2377 1190 2476 separatur.
1217 2374 1287 2451 tais
1307 2398 1428 2450 tamen
1445 2401 1521 2450 uon
1534 2373 1756 2450 obstantibus

449 2476 605 2578 primum
625 2479 661 2549 in
682 2476 904 2575 portiuncula
924 2475 1002 2550 folii
1028 2473 1146 2574 persici
1170 2474 1292 2571 plexus
1309 2474 1514 2549 reticulam
1531 2474 1689 2549 vidimus
1704 2498 1756 2546 rc·

448 2576 567 2675 pictor
591 2574 807 2673 corpusculis
829 2575 1041 2675 ‘quibusdam
1074 2571 1225 2670 globosa
1256 2574 1513 2673 propemodum
1539 2570 1753 2648 seinvicem

441 2674 709 2775 tangentibus,
735 2671 1035 2773 quemadmodum
1061 2666 1297 2745 utriculorum
1324 2670 1468 2748 ordinet
1492 2671 1648 2748 delineat
1659 2670 1756 2745 Mat·

447 2772 603 2872 pighius.
630 2774 878 2871 separavimus
904 2771 1040 2847 dcinde
1057 2767 1251 2846 cuticulam
1276 2769 1417 2869 cuspide
1441 2772 1644 2846 acuminata
1667 2770 1754 2845 scal·

454 2870 564 2971 pellit
592 2870 939 2960 retinentissimus,
964 2868 1029 2946 uili
1055 2869 1200 2944 maffam
1224 2865 1376 2944 viridem
1394 2893 1439 2943 cx
1456 2870 1642 2968 particulis
1667 2871 1758 2944 adro

453 2970 593 3142 illl?
610 2966 934 3139 ‘ibidibus‘
953 2964 1439 3138 Piivdiiliiimdildi‘m
1456 2968 1607 3138 ipa...
1625 2993 1697 3067 ¹²⁸⁸
1724 2968 1756 3040 r.

452 3117 896 3275 animaldulaspermatica
914 3090 1087 3274 lldpendm
1106 3091 1264 3274 prordlm
1292 3088 1757 3256 ulilrtddddtadlllluerulilldg

247 3330 252 3339 .
294 3271 366 3357 Peg.
386 3287 435 3351 3⁰·
456 3263 521 3352 tis,
547 3258 726 3335 insemtne
741 3263 887 3336 turmali
906 3262 991 3335 aliar
1006 3256 1256 3338 drslrnxrmut.
1283 3263 1395 3338 Nulla
1419 3262 1540 3362 itaque
1559 3261 1760 3362 spes'efful·

452 3383 512 3464 get
530 3357 628 3449 lore,
655 3382 829 3434 utrarum
849 3357 963 3459 figura
982 3357 1144 3442 distincte
1168 3383 1362 3435 cernatur.
1389 3364 1502 3440 Forte
1520 3359 1673 3436 fortuna
1689 3360 1758 3436 sese

453 3458 585 3536 obtulit
601 3455 872 3546 soliumcerafi,
899 3458 958 3534 ubi
979 3456 1152 3536 insertum
1176 3457 1366 3536 cuticulam
1384 3458 1656 3559 separaverat&
1668 3460 1761 3535 utri·

452 3560 550 3633 culos
572 3556 655 3651 binc
673 3556 754 3629 inde
773 3558 954 3634 exederat.
983 3552 1070 3651 Ejus
1090 3555 1352 3654 portiunculam
1371 3557 1541 3655 pervarie
1559 3557 1758 3632 microsco·

452 3659 510 3757 pia
529 3655 708 3730 intuentes
728 3653 905 3744 vidimus,
931 3662 1087 3753 quodam
1106 3651 1295 3730 intervalla
1314 3655 1408 3728 inter
1435 3658 1561 3753 plexos
1585 3657 1767 3732 reticula·

451 3780 507 3830 res
526 3752 614 3826 nibil
638 3751 749 3826 masse
776 3752 974 3826 utriculol'ar
999 3751 1149 3850 amplius
1174 3753 1390 3844 continere,
1415 3752 1473 3829 sed
1492 3756 1763 3830 tautummodo

303 3903 321 3923 ι.
453 3852 645 3929 cuticulam
665 3853 708 3928 ab
726 3851 836 3926 altera
854 3851 932 3924 solii
953 3871 1052 3947 parte
1078 3848 1271 3923 ollcntare.
1300 3853 1344 3924 lu
1371 3850 1449 3926 aliis
1476 3853 1685 3927 intervallis
1707 3853 1769 3927 su·

452 3970 592 4050 peterat
610 3947 726 4049 aliqua
745 3951 856 4029 malsre
874 3947 999 4022 viridis
1016 3947 1154 4046 portio:
1184 3948 1369 4024 enimvero
1386 3950 1456 4024 five
1475 3953 1651 4040 multum,
1681 3949 1770 4025 five

452 4072 576 4151 parum
594 4046 741 4135 adelict,
770 4047 861 4124 nihil
875 4071 996 4121 tamen
1013 4044 1162 4143 amplius
1180 4044 1374 4121 discernere
1394 4050 1611 4136 valebamus,
1640 4075 1773 4148 quam

450 4147 548 4250 quod
566 4144 674 4218 modo
692 4147 896 4235 retulimus,
922 4142 984 4219 etsi
1001 4142 1216 4242 ceteroquin
1236 4145 1385 4222 mudule
1401 4146 1543 4223 refiduae
1555 4148 1773 4223 admodum

453 4244 639 4347 perspicue
656 4246 764 4316 essent
783 4243 917 4318 coloris
934 4241 1039 4343 paulo
1058 4240 1242 4320 viridioris
1260 4268 1366 4344 quam
1385 4241 1505 4326 fistulae
1523 4245 1697 4340 berbece,
1729 4250 1778 4323 de

453 4344 581 4444 quibua
606 4342 706 4439 supra
733 4341 904 4415 diximus.
1237 4407 1244 4420 ,

509 4468 561 4520 ro.
588 4438 708 4513 Restat
727 4462 788 4530 ut,
813 4466 888 4539 quoe
905 4437 948 4516 de
967 4438 1062 4538 potia
1079 4442 1314 4522 utriculorum
1333 4444 1435 4522 nobis
1450 4446 1673 4539 innotuere,
1708 4471 1777 4521 ex-

453 4561 643 4641 ponamus.
672 4537 782 4646 Virro
808 4537 1028 4636 cyliudtico,
1052 4563 1126 4641 quo
1143 4542 1244 4644 supra
1265 4543 1314 4621 uli
1329 4545 1468 4641 sumus,
1493 4547 1782 4651 aqurmfonta·

1585 4717 1590 4724 ,
1630 4674 1734 4725 nam
