3625 5450
1008 316 1172 425 m
1751 319 2521 425 A‘cTA

503 535 826 614 A&.Erud.
954 534 1338 606 Innumera
1377 531 1507 605 alia
1545 553 1927 630 praetereo,
1985 561 2070 606 ne
2123 533 2301 624 tibi,
2350 535 2465 608 01.
2502 533 2861 626 Taylore,
2913 530 3041 632 qui
3094 533 3181 609 ad
3217 533 3474 612 Celeb-

507 633 818 722 A1²·172,!·
859 632 1258 706 Bernoullii
1297 631 1529 705 laudes
1564 631 1899 722 tabescis,
1949 633 2253 706 nimium
2298 656 2536 706 creent
2574 632 2924 705 fastidium
2964 687 2981 705 .
3039 638 3142 707 At
3182 660 3359 707 vero
3417 636 3467 706 fi

502 704 596 765 Μ·
636 706 821 772 Mau·
863 731 1006 807 haec
1043 731 1283 802 omnia
1320 730 1631 803 nondum
1671 730 1801 804 tibi
1841 755 2265 829 extorquent
2303 731 2803 803 confeffionem
2846 783 2869 820 ,
2917 732 3106 831 quod
3141 735 3253 804 (ΖΙ.
3293 737 3466 806 Ber-

862 829 1173 904 noullius
1226 827 1453 901 noster
1490 828 1571 901 sit
1616 830 1924 902 maxime
1972 831 2251 901 idoneus
2288 834 2410 925 qm'
2464 829 2960 901 alios-docuerit
3011 832 3276 925 regulas
3328 830 3474 921 def-

851 929 1259 1021 ferenn‘andi
1291 928 1734 1023 differentias,
1791 930 2156 1026 legendam
2212 931 2281 1000 δε
2327 929 2861 1001 examinandam
2923 928 3050 1000 tibi
3096 954 3476 1002 commen·

867 1031 1110 1101 damus
1144 1025 1332 1099 illius
1354 1027 1696 1120 Analysm
1732 1027 2120 1099 adhibitam
2162 1053 2291 1126 pro
2324 1025 2675 1099 solutione
2712 1028 3169 1123 problematis
3203 1028 3286 1099 de
3308 1053 3473 1101 cur-

864 1138 955 1199 va*
992 1122 1468 1225 projeffilium
1508 1125 1581 1199 in
1622 1152 1779 1198 aere
1838 1124 2185 1200 resistente
2237 1124 2310 1197 in
2356 1150 2771 1224 quacunque
2828 1125 3296 1216 multiplicata
3361 1150 3479 1199 ra-

866 1224 1068 1298 tione
1105 1225 1613 1314 velocitatum‚
1663 1223 1858 1318 cujus
1910 1223 2334 1296 solutionem
2376 1248 2802 1318 provocatus
2841 1250 2879 1296 a
2918 1225 3177 1294 Keinio
3231 1222 3478 1295 vestro

870 1323 1062 1398 dedit
1097 1323 1544 1395 Bernoullius
1581 1324 1653 1394 in
1699 1321 1904 1398 Affis
1938 1321 2118 1418 Lips.
2166 1348 2343 1416 ¹7¹9
2385 1325 2497 1393 M.
2536 1320 2717 1415 Maj.
2762 1320 2901 1416 ipse
2958 1324 3121 1393 dum
3171 1322 3479 1392 Keinius

868 1423 1000 1499 suat
1035 1420 1382 1494 solvendae
1433 1420 1792 1519 quaestioni
1835 1424 2062 1516 impar
2096 1417 2279 1515 fuit,
2330 1445 2537 1517 quem
2576 1420 2736 1493 ideo
2775 1421 2844 1490 δε
2884 1442 3002 1508 tu,
3060 1420 3158 1491 mi
3196 1420 3478 1510 Taylo·

872 1546 990 1611 re,
1045 1545 1173 1617 pro
1231 1517 1486 1592 misero
1544 1517 1874 1611 Analysta
1928 1519 2176 1607 habes,
2232 1518 2512 1590 testibus
2549 1517 2774 1589 literis
2811 1519 3221 1615 quibusdam
3251 1519 3484 1590 Mon·

873 1618 1123 1693 mortii
1178 1620 1261 1693 ad
1300 1619 1788 1695 Bernoullium
1851 1616 2076 1689 filium
2130 1617 2311 1691 datis
2366 1617 2428 1689 d.
2479 1623 2563 1686 28
2621 1616 2787 1688 Ost.
2834 1624 3012 1704 1718
3045 1668 3067 1705 ‚
3119 1614 3235 1686 ubi
3282 1613 3483 1686 inter

874 1717 1007 1790 alia
1049 1738 1249 1789 tuum
1357 1716 1764 1788 erscribitur
1819 1714 2299 1788 testimonium
2358 1715 2441 1788 de
2496 1712 2828 1785 fidissimo
2883 1735 3009 1785 tuo
3052 1712 3314 1788 Keillio
3365 1711 3510 1784 his-

874 1814 1162 1889 verbis:
1225 1865 1272 1902 „
1387 1813 1527 1897 oici
1584 1839 1662 1889 ce
1708 1839 1851 1911 que
1902 1813 1990 1883 m’
2014 1812 2193 1885 ecrit
2248 1816 2400 1886 Mr.
2436 1813 2750 1904 Taylorz
2797 1814 3219 1896 J’azeendrai
3244 1815 3487 1906 jusqu’

878 1967 928 2006 ‚,
978 1911 1167 2008 aprbs
1201 1911 1455 1983 demain
1490 1915 1529 1978 ἃ
1565 1914 1768 1982 ecrire
1801 1911 1998 1983 ἂΜν.
2020 1912 2216 1979 Keil}
2250 1909 2337 1978 (9¹
2356 1937 2528 1981 vous
2555 1931 2830 2006 pouvez
2858 1912 3120 1981 avernia·
3153 1914 3291 1980 Mr.
3314 1913 3489 1980 Ber·

883 2064 933 2103 „
985 2012 1192 2083 noulh'
1221 2012 1300 2082 de
1333 2034 1404 2080 ce
1423 2015 1652 2079 retard
1673 2007 1715 2097 ‚¹
1748 2012 1865 2104 qui
1890 2029 2181 2103 peutetre
2210 2009 2596 2104 Pengagerae
2632 2012 2986 2102 hallonger
3017 2035 3238 2078 encore
3270 2011 3331 2077 le
3350 2030 3491 2077 ter-

884 2119 932 2202 ,;
985 2132 1120 2199 me,
1173 2108 1417 2201 qu’ilt)
1453 2106 1731 2178 domm
1783 2109 2133 2178 Mamili
2167 2161 2182 2179 .
2238 2110 2441 2179 Tout
2495 2106 2644 2178 ceci
2696 2105 2790 2177 est
2841 2133 2929 2179 en
2990 2105 3293 2204 Angiois
3327 2159 3350 2193 ,
3408 2105 3493 2177 8(

885 2257 938 2298 ,,
991 2205 1043 2278 il
1098 2206 1336 2309 ajoute
1373 2222 1483 2280 'ces
1538 2208 1719 2288 deux
1776 2228 1932 2275 mot
1985 2204 2147 2288 c'est
2194 2225 2365 2300 pour
2417 2210 2604 2293 φήνας
2654 2203 2880 2300 (quid
2940 2203 3052 2275 hic
3104 2205 3494 2276 ridendum

889 2357 940 2395 „
994 2302 1074 2376 fit
1112 2304 1410 2393 nescio)
1447 2304 1711 2387 ensuite
1750 2325 2321 2402 recommeneanr
2359 2301 2479 2374 son
2525 2301 2825 2396 Anglois
2880 2302 2929 2371 il
2987 2301 3263 2396 ajoute:
3346 2304 3497 2388 En-

888 2454 937 2494 „
989 2423 1089 2472 ηε
1148 2428 1344 2491 nous,
1389 2400 1461 2489 je
1490 2401 1631 2495 suis
1666 2427 1752 2472 un
1784 2424 1913 2496 peu
1952 2404 2034 2472 de
2067 2399 2280 2471 l'avis
2315 2403 2397 2471 de
2422 2404 2559 2471 Mr.
2594 2400 2934 2468 Bernoulli
2976 2426 3098 2493 que
3132 2403 3271 2469 Mr.
3295 2398 3507 2468 Keil!

888 2564 945 2611 „
987 2503 1053 2588 is
1083 2505 1329 2589 better
1359 2501 1889 2619 qualifiedfor
1924 2537 1973 2587 a
2005 2504 2255 2586 Cbam
2315 2505 2486 2604 ion,
2546 2503 2731 2588 than
2751 2500 2887 2611 for
2932 2534 3035 2583 an
3058 2498 3512 2612 Analyste,

887 2668 938 2710 „
990 2617 1079 2705 est
1181 2620 1284 2687 lus
1334 2615 1534 2702 bardi
1566 2618 1857 2712 campio-n
1894 2619 2074 2714 qu'r'l
2109 2620 2216 2686 n’e
2307 2617 2427 2706 bon
2465 2614 2816 2707 Ana'lyste.
2873 2615 3077 2685 Dans
3121 2632 3257 2684 une
3295 2637 3513 2686 autre

535 2734 674 2820 Deg-
718 2733 853 2799 228.
895 2770 945 2812 ‚2
997 2717 1081 2790 de
1143 2716 1218 2788 'es
1253 2716 1496 2799 lettres
1529 2714 1580 2786 il
1621 2714 1846 2792 blame
1894 2717 2045 2787 Mr.
2086 2702 2263 2786 Kei'll
2302 2715 2382 2786 de
2420 2710 2542 2784 son
2585 2737 2711 2808 peu
2753 2710 2815 2783 d'
2842 2708 3084 2809 equite
3118 2710 3255 2783 Sto.
3291 2737 3509 2784 mon-

891 2870 939 2908 „
993 2840 1147 2888 trez
1178 2814 1225 2884 s'
1247 2813 1295 2883 il
1335 2836 1511 2884 vous
1549 2812 1760 2908 plait,
1814 2837 1892 2883 ce
1925 2812 2205 2904 dessnier
2242 2810 2489 2883 article
2526 2811 2565 2881 a
2604 2808 3070 2886 Mons-verre
3095 2812 3271 2881 Pete
3306 2809 3357 2879 il
3395 2808 3518 2882 est

901 2965 949 3004 ‚,
1003 2937 1178 3010 pour
1209 2909 1347 2981 lui.
1403 2911 1631 3003 Lege,
1685 2910 2016 3007 inquam,
2067 2908 2470 3008 sequentem
2493 2905 2834 3001 Analyfin
2866 2907 3458 2981 Bernoullianam
3489 2958 3518 2993 ,

900 3023 1111 3110 quam
1149 3005 1440 3078 sistimus
1476 3005 1638 3079 loco
1686 3004 2085 3104 speciminis
2132 3026 2606 3081 concatenata:
2654 3004 3097 3104 operationis
3137 3027 3261 3099 per
3295 3003 3520 3077 diffe-

903 3105 1228 3179 rentialia
1286 3101 1702 3174 ulteriorum
1758 3097 2105 3202 *graduum
2151 3131 2173 3196 '²
2244 3103 2690 3200 judicandum
2750 3100 2979 3201 postea
3031 3101 3166 3174 tibi
3230 3103 3298 3173 δι
3340 3102 3522 3175 aliis

905 3202 1409 3300 relinquimus,
1461 3221 1695 3272 annon
1726 3202 2446 3299 Autor'fituidoneuS,
2500 3201 2621 3299 qui
2660 3199 2831 3274 aiios
2865 3200 3186 3273 docuerit
3219 3200 3526 3297 regulas

905 3294 1428 3384 differentiandi
1465 3293 1937 3390 differentias.
1990 3302 2211 3386 Nunc
2248 3299 2533 3412 quidem
2580 3294 2813 3379 mente
2847 3297 2919 3379 ὃς
2954 3323 3255 3402 corpore
3303 3299 3485 3374 vale
3517 3343 3537 3364 .

3203 4757 3237 4841 J
3251 4757 3469 4833 OH.
