3625 5450
504 281 568 386 S
653 316 753 420 u.
810 316 864 386 Ρ
936 318 1002 387 ,Ρ
1078 316 1144 435 i„
1235 314 1288 383 ε
1369 314 1488 383 M.
1573 275 2249 394 -T0m.V111.
2403 322 2601 437 375

70 544 98 591 *fi
211 506 354 597 oculi
383 498 594 582 fundo
628 525 956 580 manere.
1015 496 1156 576 His
1198 490 1437 599 pofitis
1491 495 1673 576 viiio
1728 499 1802 579 in
1860 529 1947 608 ea
1979 500 2306 583 distantia
2366 511 2611 611 punffi
2651 519 2707 587 Α
2741 459 3127 607 ,ξῖω·ἶζξιξῐ

87 683 89 685 ,
207 614 264 688 in
294 632 407 710 qua
437 605 547 680 illa
582 603 680 679 est
738 603 1052 679 maxima
1089 597 1545 676 distinaione
1601 605 1964 706 perspicua
2001 654 2026 697 ,
2082 633 2211 681 nos
2262 611 2470 683 dotet
2531 615 2759 687 radios
2802 566 3093 688 &giul-

100 723 101 728 ’
208 707 491 789 centn-ales
525 704 764 779 debita
820 699 1398 778 conformatione
1436 708 2205 807 operante&reliquos
2242 735 2523 812 quoque
2567 715 2747 787 aher.
2802 704 2939 788 Png.
2989 707 3124 790 ¹3⁶2

208 810 437 887 ratione
473 806 789 905 pariente
845 828 925 879 ac
982 803 1189 877 lente.
1227 801 1426 907 simui
1476 801 1551 875 in
1608 805 1798 880 oculi
1855 804 2079 880 fundo
2114 809 2306 884 coire
2342 872 2357 884 ,ι
2414 816 2486 884 Si
2539 816 2761 916 igitur

213 908 495 1014 punstum
535 911 601 979 A
647 906 735 979 ab
770 903 984 978 oculo
1036 901 1322 1005 longius
1377 900 1755 979 discesserit
1793 956 1816 997 ,
1871 906 2106 982 debita
2165 912 2422 1008 ubique
2482 916 2763 988 confor-

217 1010 395 1086 matio
424 1004 832 1080 concursum
871 1004 1292 1077 renti-alium
1348 1001 1422 1074 in
1477 998 1700 1078 fundo
1754 1006 1946 1080 oculi
2008 1009 2350 1084 retinebit
2390 1068 2410 1101 ‚
2470 1040 2539 1088 at
2603 1020 2759 1088 rezi,

214 1135 361 1211 quos
403 1104 723 1206 negativa
774 1103 1365 1204 aberratio'ultra
1420 1103 1704 1177 oculum
1764 1132 1925 1180 cum
1981 1132 2108 1179 axe
2160 1108 2552 1210 conjunget
2606 1168 2624 1185 ,
2687 1110 2765 1186 Si

225 1234 371 1282 veto
397 1205 705 1306 punstum
735 1208 805 1278 A
829 1204 911 1278 ad
954 1204 1240 1277 oculum
1279 1199 1491 1277 n'irnis
1525 1205 1885 1279 accesserit
1912 1258 1933 1298 ,
1989 1205 2090 1280 ita
2128 1231 2205 1279 ut
2242 1206 2619 1284 deficiente
2652 1219 2767 1291 de-

230 1307 350 1385 bita
389 1301 931 1380 conformatione
992 1300 1173 1379 radii
1229 1302 1569 1378 centrales
1627 1303 1811 1379 ultra
1853 1307 2139 1380 oculum
2177 1332 2430 1382 coeant
2487 1310 2765 1385 aberra-

70 1055 83 1108 ρ

229 1407 385 1482 tione
409 1402 817 1480 affirmativa
853 1403 1232 1495 exiliente,
1289 1400 1468 1476 radii
1525 1406 1830 1478 extremi
1890 1405 2227 1505 poterunt
2273 1408 2347 1480 in
2389 1412 2580 1483 oculi
2611 1409 2768 1485 fun·

218 1509 293 1582 do
315 1532 693 1598 occurrere,
744 1504 861 1579 vel
916 1503 1041 1603 ipsi
1095 1529 1380 1605 quoque
1440 1504 1624 1578 ultra
1681 1506 1967 1579 oculum
2020 1508 2447 1580 convenire.
2502 1511 2589 1584 In
2652 1537 2770 1584 ex-

224 1607 484 1703 plicanda
528 1603 754 1706 igitur
808 1601 1095 1679 confusa
1149 1603 1472 1678 colorum
1530 1604 1909 1703 congerie,
1959 1629 2171 1705 quam
2229 1633 2517 1706 campus
2571 1611 2767 1685 dives

218 1704 457 1781 floribus
502 1705 788 1779 exhibet
846 1728 938 1777 ex
991 1703 1437 1804 longinquo,
1493 1703 1539 1777 fi
1577 1705 1936 1776 Cartefius
1991 1708 2244 1796 docet,
2296 1705 2555 1782 florum
2594 1710 2770 1784 ima-

221 1807 384 1906 gines
412 1807 475 1879 in
505 1804 687 1880 oculi
722 1802 946 1878 fundo
982 1805 1293 1904 depicstas
1327 1802 1430 1876 ita
1465 1803 1600 1877 effe
1636 1805 1969 1904 exiguam,
2028 1828 2104 1877 ut
2146 1807 2378 1904 plures
2412 1832 2770 1883 contenta’.

225 1908 292 1978 in
323 1904 496 1978 unica
523 1902 807 1979 sensorii
845 1900 1104 1977 fibrina
1144 1901 1617 1978 sensationem
1656 1928 1743 1977 ex
1778 1903 2113 1978 omnibus
2151 1905 2453 1981 mixtam
2514 1910 2770 2007 produ·

232 2001 797 2104 cantrtrsponde,
831 2002 1259 2097 Christine,
1309 2005 1501 2178 qbuod
1541 2003 1779 2078 lumen
1816 2004 2025 2079 unius
2058 2005 2392 2105 imaginis
2428 2010 2769 2082 reverain

233 2104 417 2176 ocu10
447 2128 580 2177 cum
614 2103 879 2179 iumine
911 2104 1200 2178 alterius
1240 2112 1268 2193 (
1297 2130 1334 2178 a
1388 2102 1750 2179 erratione
1786 2102 2203 2197 inficiente)
2245 2101 2713 2183 confunditur
2746 2159 2769 2196 ‚

237 2203 391 2275 unde
419 2202 484 2276 in
517 2201 764 2279 visnne
800 2203 1076 2278 colores
1108 2201 1367 2278 florum
1428 2201 1588 2277 sunt
1639 2226 1927 2304 quoque
1976 2207 2059 2279 ad
2100 2203 2414 2279 invicem
2472 2203 2771 2280 confun-

226 2300 437 2375 dendi.
481 2304 557 2375 In
595 2301 1017 2405 explicanda
1053 2300 1568 2377 luminosorurn
1627 2326 2015 2403 corporum
2074 2304 2567 2405 magnitudine
2617 2328 2772 2403 quae

223 2401 418 2495 major
448 2427 722 2502 apparet
759 2429 974 2503 quam
1016 2429 1145 2502 pro
1183 2402 1462 2476 ratione
1499 2395 1839 2480 distantiae
1876 2404 2181 2477 videnda
2218 2403 2448 2493 foret,
2502 2402 2550 2476 fi
2606 2404 2776 2477 Ma·

214 2501 414 2574 tintus,
453 2503 650 2577 docet
695 2555 721 2595 ,
792 2527 1068 2576 motum
1122 2495 1539 2602 quibusdam
1597 2500 1878 2574 fibrillis
1932 2526 1969 2574 a
2028 2502 2441 2576 vehementi
2498 2501 2773 2575 lumine

205 2599 559 2699 impreffum
618 2602 1003 2703 propagari
1057 2626 1340 2701 quoque
1376 2603 1448 2673 in
1493 2598 1968 2699 propinquam,
2022 2602 2093 2671 &
2133 2600 2297 2674 huic
2336 2625 2575 2673 motus
2616 2626 2777 2700 pro·

211 2700 532 2801 pagationi
587 2703 1017 2803 respondere
1055 2700 1461 2803 apparentis
1501 2700 2019 2800 magnitudinis
2052 2699 2577 2775 incrementum
2602 2751 2624 2792 ‚
2662 2695 2779 2776 die

208 2803 365 2897 quod
397 2802 632 2876 lumen
676 2801 1008 2876 aberrans
1039 2824 1188 2914 quo
1223 2798 1722 2874 vehementius
1756 2799 1851 2872 est
1883 2826 1969 2873 eo
2002 2802 2223 2899 magis
2256 2801 2670 2875 dominatur
2707 2801 2779 2871 δε

208 2901 364 2972 delet
392 2899 781 3001 imaginem
822 2897 1282 2972 infirmioris:
1342 2898 1388 2970 fi
1421 2896 1649 2998 igitur
1687 2899 1905 2972 noctu
1944 2899 2020 2970 in
2076 2901 2289 2971 oculo
2328 2899 2569 2997 imago
2626 2903 2783 2972 lon·

194 2996 440 3097 ginquae
486 3000 668 3075 facis
717 2999 1129 3098 depingitur
1155 3052 1176 3089 ,
1228 2998 1344 3072 dic
1373 2999 1661 3097 utique,
1717 2999 1910 3098 quod
1946 2996 2065 3069 illa
2103 2994 2430 3071 distraaa
2463 2998 2549 3070 ab
2584 3000 2783 3072 aber-

194 3097 447 3172 ratione
477 3100 720 3176 locum
762 3121 1061 3197 occupat
1098 3097 1576 3173 debitumima
1636 3096 1734 3169 ini
1770 3097 2003 3196 campi
2040 3098 2267 3170 vicini
2297 3097 2729 3171 obscurioris
2758 3147 2781 3170 .

197 3195 386 3270 Unde
414 3220 688 3301 quoque
721 3201 799 3273 in
835 3199 1099 3272 vifione
1135 3198 1559 3299 magnitudo
1622 3198 1760 3270 acis
1796 3199 2115 3294 augenda
2145 3195 2277 3268 est.
2329 3197 2492 3270 Hoc
2529 3196 2783 3270 deinde

199 3293 1193 3398 fimpliciffimoexperimento
1215 3294 1604 3371 confirma:
1667 3298 1834 3370 dum
1872 3295 2064 3367 enim
2098 3297 2435 3395 exiguum
2458 3294 2784 3370 foramen

197 3393 449 3494 paginae
479 3396 863 3476 immissum
900 3398 1115 3474 oculo
1169 3394 1642 3494 opponimuS,
1682 3394 1987 3468 exclufis
2025 3395 2236 3468 radiis
2289 3396 2627 3468 extremis
2660 3394 2787 3495 qui

188 3494 342 3567 sunt
370 3496 803 3575 abet-rationi
840 3496 1178 3592 obnoxii,
1212 3491 1328 3570 fax
1354 3497 1589 3570 minor
1611 3496 1677 3567 &
1701 3490 2102 3594 distinffior
2135 3519 2422 3593 apparet
2443 3548 2460 3568 .
2500 3493 2787 3594 Siquod

173 3591 362 3675 aliud
386 3599 637 3675 addere
677 3596 873 3674 velis
911 3651 934 3686 ,
987 3595 1211 3672 stellas
1267 3589 1554 3670 ostende·
1601 3627 1623 3688 ‚f
1683 3594 1921 3667 lumen
1976 3595 2303 3667 aberrans
2352 3594 2515 3667 coeli
2568 3593 2788 3668 noGtu

165 3692 517 3772 infirmum
554 3701 770 3777 cedit
815 3694 1055 3772 locum
1096 3691 1620 3770 vehementiori
1661 3695 1919 3767 lumini
1957 3694 2241 3767 illarum
2279 3743 2300 3783 ‚
2350 3716 2503 3791 quae
2546 3693 2792 3789 proin-

156 3794 228 3869 de
245 3799 687 3898 capillitium
713 3799 942 3875 latius
960 3790 1316 3871 ostentant
1341 3848 1363 3888 ,
1406 3795 1720 3870 diluculo
1739 3795 2026 3868 austum
2050 3842 2072 3882 ‚
2107 3789 2395 3891 castigat
2423 3790 2789 3896 luxurians

154 3894 377 3972 lumen
417 3924 677 3976 earum
706 3951 737 3992 ‚
803 3923 953 4000 quae
989 3897 1286 4003 proinde
1324 3898 1636 3970 minores
1673 3915 2057 3993 apparent,
2110 3891 2416 3990 denique
2471 3889 2790 3963 interdiu

152 3999 501 4078 robustum
543 4000 894 4077 debellat
918 4017 1164 4082 (totam
1202 3996 1432 4095 lucem
1473 3995 1780 4096 ipsarum
1809 4045 1831 4082 ,
1883 4018 2036 4092 quae
2077 3990 2372 4091 proinde
2409 3988 2482 4062 in
2522 3987 2790 4063 visione

147 4101 565 4178 evanescunt
590 4154 614 4177 .
687 4096 1237 4188 Aberratione',
1291 4110 1442 4196 qua:
1475 4096 1548 4186 in
1577 4094 1788 4168 oculo
1824 4092 2193 4193 gignitur,
2225 4090 2575 4188 explicata
2610 4137 2633 4179 ‚
2687 4089 2801 4162 sui

144 4199 376 4296 perest,
418 4225 506 4278 ut
552 4203 659 4279 de
694 4197 1171 4273 distraRionc
1205 4195 1558 4270 dicamuS.
1595 4197 1768 4291 Haec
1806 4214 2067 4290 porro,
2105 4218 2192 4262 ne
2216 4190 2428 4287 longa
2449 4188 2799 4263 series·de·-'
2831 4198 2971 4289 Pag·
3020 4216 3151 4283 137·

141 4300 789 4380 monstrationum
847 4293 1219 4388 occurrat,
1270 4295 1571 4369 sufficiat
1616 4314 1690 4365 ut
1727 4288 1813 4365 ab
1849 4287 2215 4365 effeE‘tibus
2256 4288 2726 4404 ⁶intelligatur·
2773 4296 2802 4364 -.’

134 4401 435 4500 ΟὸῘεὲὶὶε
471 4402 579 4480 ab
620 4399 874 4475 oculo
906 4396 1424 4474 discedentibus
1460 4391 1825 4474 distinetio
1880 4390 1956 4464 iu
2010 4388 2313 4465 visionis
2366 4409 2497 4462 axe
2554 4388 2796 4462 decre-

113 4497 273 4598 stit,
304 4531 375 4582 at
398 4561 422 4600 ,
465 4497 1029 4610 quaelibet'illa
1068 4494 1149 4572 fit
1175 4545 1198 4588 ,
1252 4498 1403 4570 lato
1448 4492 1833 4569 intervallo
1867 4488 2150 4590 longius
2178 4488 2265 4561 ab
2294 4509 2423 4560 axe
2460 4485 2805 4562 diffundi-

104 4626 242 4681 tur.
298 4611 543 4685 Unde
586 4599 1009 4687 discimus,
1066 4598 1136 4673 in
1166 4594 1288 4670 illa
1326 4618 1562 4668 rerum
1599 4591 2156 4692 longinquarum
2197 4582 2507 4678 visione,
2549 4587 2620 4659 in
2660 4610 2799 4685 qua

97 4705 173 4783 est
209 4706 632 4787 aberratio
704 4698 1056 4838 permiss'a
1093 4748 1117 4790 ,
1165 4695 1695 4774 distractionem
1755 4692 1889 4766 effe
1945 4686 2344 4764 correRam
2401 4733 2419 4762 .
2477 4681 2822 4859 {mefitis-
