3625 5450
381 341 598 499 ΔᾸῃό
716 299 1542 455 Acron‘Ernm³

189 531 193 538 ,
241 513 249 542 i
1600 507 1604 514 ’
1640 513 1643 520 ’

231 574 531 662 Tum-Villoculo
545 564 918 671 appropinquantibus
945 561 1127 641 dissinbiio
1154 561 1193 637 in
1222 587 1285 638 aire
1302 543 1448 640 risonis
1465 580 1639 663 augetur,
1659 557 1709 643 sed

234 674 274 734 ⁵1¹
297 673 385 752 Plem·
414 699 558 773 campus
573 665 1135 756 dillinslionisitacontrahittir,
1155 686 1216 756 ut,
1235 661 1362 739 siliber
1376 663 1544 764 legendus
1554 662 1623 754 est,
1638 685 1712 738 otu·
1779 697 1781 736 1

234 752 270 814 3‘
326 752 386 820 ¹¹¹·
414 780 469 850 lus
486 771 662 849 continuo
681 767 899 854 movendus,
927 761 1020 841 unde
1038 764 1085 839 esi
1107 761 1164 837 hic
1179 766 1355 841 rotundus
1374 761 1408 837 &
1427 762 1539 854 levis,
1567 787 1606 836 ut
1623 759 1709 836 sacil·
1779 798 1780 806 ι

412 861 504 950 limo
522 895 625 949 motu
645 868 779 970 singula
797 869 936 967 objesia
953 893 1056 942 arem
1084 863 1229 941 visionis
1246 857 1432 942 successive
1450 862 1706 965 ingrediantur.

413 975 514 1052 Hinc
532 972 646 1074 igitur
672 968 930 1069 intelligimus,
957 968 993 1042 in
1021 967 1083 1038 illa
1113 985 1230 1044 terum
1260 965 1546 1066 propinquarunt
1569 962 1705 1058 visione,

410 1073 454 1149 in
471 1070 605 1175 quaest
623 1068 802 1146 aberratio
820 1066 1001 1158 eorresla,
1029 1063 1294 1147 dillraslionem
1322 1068 1389 1140 else
1417 1063 1621 1163 permissam
1645 1119 1652 1135 .
1671 1068 1704 1139 Si

415 1174 549 1268 dixerit
560 1172 687 1270 ,itaque
706 1169 749 1241 de
770 1170 804 1242 la
833 1168 948 1257 Hire,
973 1164 1239 1246 dillinslionem
1267 1163 1466 1248 decrescere
1493 1163 1534 1237 in
1565 1161 1701 1264 partibus

414 1272 546 1373 objesli
574 1268 715 1369 longius
742 1267 785 1342 ab
811 1277 879 1343 aire
907 1264 1050 1366 positis,
1077 1265 1160 1365 quia
1188 1266 1226 1339 in
1254 1262 1551 1366 respondentibus
1575 1263 1702 1341 sensorii

413 1370 556 1447 fibtillie
581 1370 697 1444 sensus
722 1366 924 1459 decrescit,
951 1363 1231 1467 respondendum
1251 1363 1328 1459 est,
1354 1363 1493 1442 causam
1524 1364 1701 1465 phanone·

413 1472 453 1551 ni
481 1471 629 1571 exlege
656 1467 798 1568 vulgari
827 1465 1053 1549 refraslionis
1078 1465 1242 1559 deduci,
1269 1467 1304 1538 δι
1333 1466 1483 1570 proinde
1508 1463 1696 1565 hyporbesn

412 1597 488 1647 non
506 1572 574 1644 esse
589 1573 628 1643 in
649 1566 724 1665 ejus
751 1566 990 1667 explicatione
1010 1564 1214 1667 fingendam
1225 1603 1237 1640 .·
1260 1566 1299 1641 Si
1327 1566 1473 1666 postea,
1500 1565 1694 1656 Chiilline,

413 1670 515 1770 cupis
540 1670 635 1749 hunc
662 1667 774 1768 magis
801 1667 1017 1741 convincere
1044 1719 1056 1759 ,
1094 1665 1154 1741 ubi
1181 1693 1224 1740 eo
1252 1691 1328 1741 tuin
1358 1690 1545 1743 remotum
1569 1723 1580 1759 ,
1602 1664 1698 1739 olleo·

412 1771 483 1861 de,
510 1768 637 1844 deinde
666 1792 753 1868 roga
767 1820 783 1881 ἶ
811 1792 897 1848 num
924 1793 1051 1867 eampo
1069 1763 1307 1862 dillinslionis
1333 1794 1390 1842 am
1418 1763 1556 1843 lificato
1581 1763 1693 1841 librilla

411 1867 558 1944 sensorii
586 1865 675 1944 fiant
700 1867 739 1939 iii
766 1868 840 1942 islu
867 1866 964 1948 oculi
991 1865 1241 1954 sensibiliores?
1269 1794 1470 1968 Hypotbest
1499 1869 1543 1945 de
1567 1868 1597 1942 la
1618 1865 1696 1939 Hire

411 1961 554 2056 derisit
572 1968 616 2044 ad
634 1964 880 2042 sublimiorem
899 1966 1178 2067 speculationem
1207 1965 1380 2052 attende,
1403 1969 1442 2050 Si
1470 1969 1558 2044 viria
1575 1967 1696 2043 aberra·

412 2067 576 2144 rionis&
598 2065 837 2146 distraslionis
854 2067 892 2150 in
913 2094 982 2143 una
1009 2093 1128 2148 rerunt
1156 2067 1347 2144 vifibilium
1375 2069 1538 2153 distantia
1563 2094 1696 2167 ntraqiie

411 2165 705 2268 corrigebantur,
731 2165 768 2238 in
790 2165 912 2242 eadem
930 2168 1050 2252 sutura
1068 2193 1144 2252 erat
1164 2166 1421 2254 dillinsliffima
1438 2167 1539 2282 vifis>-
1563 2175 1699 2268 Aequo·

412 2267 509 2342 niam
538 2266 575 2339 in
605 2266 683 2341 aliis
710 2264 886 2348 distantiis
914 2292 1015 2348 erant
1043 2268 1134 2348 vitia
1161 2267 1262 2352 fininl
1291 2291 1437 2370 utraque
1452 2267 1693 2368 permittenda,

410 2361 450 2442 in
476 2364 600 2448 iisdem
626 2363 713 2452 viso
739 2390 808 2464 pra:
835 2363 1040 2462 confusione
1067 2394 1154 2466 pene
1179 2367 1319 2450 inutilis
1344 2368 1457 2452 sutura
1474 2392 1544 2446 erat
1560 2419 1570 2440 .
1587 2363 1696 2440 vitiis

409 2465 422 2540 i
450 2466 524 2540 itur
548 2465 650 2540 simul
673 2465 832 2567 utrisque
858 2467 1030 2550 correslis
1059 2469 1189 2548 essetne
1213 2466 1445 2548 desiderabilis
1469 2492 1563 2545 tanta
1588 2462 1698 2542 dillin-

410 2492 485 2641 sito
498 2566 533 2639 in
555 2565 658 2640 unica
676 2590 794 2640 rerum
816 2563 1037 2662 objeslarum
1059 2566 1245 2660 distantia,
1273 2594 1311 2643 ut
1329 2568 1367 2647 in
1386 2565 1526 2670 reliquis
1544 2565 1612 2667 ipsa
1622 2557 1697 2642 defi·

410 2672 531 2747 cenet?
559 2669 696 2741 Nonne
717 2690 792 2742 erat
813 2667 940 2743 melius
957 2668 1006 2743 ita
1026 2665 1115 2750 uitia
1133 2665 1314 2760 distribui,
1342 2692 1379 2743 ut
1400 2667 1460 2745 ubi
1480 2667 1618 2749 alterum
1642 2666 1696 2739 dn·

408 2766 597 2857 minatur,
625 2767 777 2841 alterum
804 2768 1031 2853 excludatur?
1058 2766 1329 2851 Providentiam
1345 2764 1479 2868 ,itaque
1504 2762 1694 2847 naturami·

408 2889 565 2940 ramur:
594 2863 777 2947 distraslio
804 2865 1031 2961 permittitur
1064 2867 1101 2942 in
1127 2863 1231 2948 rebus
1258 2865 1498 2980 propinquis,
1528 2864 1698 2965 inquibus

408 2961 455 3035 ess
474 2960 654 3035 aberratio
671 2961 856 3053 contessa,
884 2987 923 3046 ut
943 2963 1144 3066 corrigatur
1162 2965 1199 3055 in
1218 2964 1445 3073 longinquis,
1473 2964 1508 3040 in
1548 2964 1639 3043 uibus
1654 2954 1696 3036 est

407 3058 588 3135 aberratio
605 3059 798 3158 permissa,
826 3061 918 3147 unde
948 3063 1037 3138 visio
1064 3065 1101 3140 in
1122 3064 1281 3165 utrisque
1307 3063 1390 3147 satis
1416 2992 1577 3150 dislinda
1593 3085 1695 3137 occur·

407 3170 485 3244 rat.
512 3159 550 3237 si
567 3157 699 3237 vallam
718 3157 831 3260 igitur
851 3162 980 3248 molem
999 3163 1203 3264 inspicimus
1221 3166 1366 3265 procul,
1387 3190 1503 3266 partes
1518 3164 1561 3244 ab
1576 3164 1697 3240 aberta-

408 3260 509 3345 tione
525 3257 759 3351 inficiuntur,
780 3283 897 3335 torum
918 3288 937 3337 a
955 3259 1184 3348 distraslione
1205 3290 1277 3339 non
1298 3266 1462 3354 laditura
1490 3264 1629 3367 propius
1653 3286 1700 3337 to·

407 3380 484 3431 turri
503 3384 521 3431 a
539 3357 765 3447 distraslione
784 3359 968 3453 inficitur,
995 3388 1112 3461 partas
1137 3364 1401 3449 aberrationem
1431 3392 1503 3440 non
1519 3363 1670 3440 sentiunt
1688 3414 1699 3437 .

407 3459 656 3540 Veruntamen
686 3456 836 3545 mininie
862 3458 1086 3555 existimetud
1112 3517 1125 3553 ,
1163 3465 1304 3547 ostilam
1332 3464 1471 3567 semper
1498 3464 1563 3545 else
1587 3464 1701 3538 alteru·

405 3578 466 3630 tro
483 3553 612 3633 borum
632 3554 809 3642 vitiorum
827 3584 1035 3660 expertem.
1064 3559 1258 3643 Correslio
1286 3563 1426 3667 physica
1443 3562 1494 3640 esi
1521 3591 1591 3640 non
1614 3560 1700 3639 Gro-

382 3654 587 3743 mettica.
623 3655 801 3755 Quamvis
826 3659 1008 3742 aberratio
1033 3663 1089 3735 vel
1117 3661 1299 3743 distraslio
1326 3664 1366 3747 lit
1392 3660 1595 3747 insenfibilis
1616 3715 1627 3751 ,
1647 3660 1697 3732 ine

405 3758 487 3855 sunt
515 3780 634 3838 tamen
658 3758 813 3847 materiae
840 3785 958 3860 partes
973 3760 1304 3862 incomparabiliter
1332 3765 1524 3859 minores,
1548 3760 1630 3839 unde
1654 3756 1700 3834 di·

402 3852 549 3937 llinslio
581 3855 765 3941 reserenda
801 3857 848 3945 eli
884 3887 1004 3946 rerum
1033 3862 1222 3948 visibilium
1261 3864 1507 3964 magnitudini
1537 3887 1635 3962 atque
1658 3856 1705 3933 di·
1778 3907 1781 3945 r

403 3952 565 4030 stantia.
593 3955 777 4053 Quoniam
795 3981 920 4047 natura
940 3961 1043 4047 nobis
1061 3967 1184 4049 oculos
1203 3965 1322 4057 dedit,
1350 3991 1423 4041 non
1453 3991 1495 4040 ut
1514 3961 1631 4039 nollra
1653 3984 1709 4033 iu·

405 4050 558 4129 riosirati
585 4053 814 4155 indulgeret,
840 4059 898 4135 sed
916 4061 1034 4163 potius
1053 4085 1093 4136 ut
1120 4063 1244 4147 noslrae
1272 4064 1544 4141 conservationi
1561 4057 1712 4143 consule·
1778 4117 1781 4155 r

405 4174 482 4264 ret,
508 4152 580 4252 ipsa
606 4153 719 4251 igitur
743 4157 1005 4247 aberrationem
1034 4163 1068 4232 δι
1095 4164 1362 4248 distraslionam
1391 4164 1542 4279 corrigit
1570 4188 1635 4262 pro
1663 4187 1712 4235 ra·

386 4270 504 4325 'tione
522 4249 646 4326 nostra
662 4256 890 4343 necessitatis.
919 4264 997 4335 Dat
1015 4260 1135 4356 nobis,
1165 4288 1203 4338 ut
1221 4264 1479 4366 distinguamus
1496 4292 1534 4341 iu
1552 4260 1713 4337 omnibus

404 4348 578 4464 distantiis
595 4351 654 4425 illa
672 4354 831 4452 objesla,
858 4383 934 4456 qua
949 4360 1031 4443 satis
1050 4388 1178 4464 magna
1196 4365 1252 4443 vel
1270 4366 1354 4441 satis
1371 4366 1582 4468 propinqua
1599 4364 1642 4441 ad
1659 4385 1714 4436 not
1774 4428 1776 4433 ,

403 4470 585 4549 pertinent
601 4503 615 4541 ,
634 4449 806 4565 ‘fugienda
823 4458 893 4569 ‘vel
913 4461 1117 4560 accipienda
1135 4464 1340 4571 ,reliquum
1359 4519 1373 4556 ,
1390 4469 1492 4571 quod
1516 4465 1625 4540 nimis
1650 4460 1712 4537 exis
1771 4524 1781 4570 ι

402 4571 510 4647 gurim
526 4549 589 4661 pel
607 4574 713 4623 nimis
734 4553 968 4656 longinquum
987 4561 1354 4656 nobisnoninterell,
1373 4565 1581 4642 velvifioni
1592 4562 1709 4648 ausen,
1766 4614 1781 4671 g

402 4645 803 4760 velobiicitcnnsusum
828 4655 865 4725 dc
893 4662 1179 4753 perturbatum,
1214 4667 1304 4739 Non
1333 4668 1383 4745 ita
1412 4667 1452 4740 in
1485 4656 1710 4745 caeterisani·
1763 4708 1781 4775 g

399 4746 570 4839 malibus,
597 4743 634 4820 lii
656 4747 726 4821 illis
745 4752 840 4827 enim
860 4780 936 4856 qua
955 4761 1146 4863 perexigua
1174 4762 1254 4840 suut
1285 4764 1424 4853 (veluti
1443 4766 1627 4861 insessa)
1650 4786 1721 4878 §ott
1761 4810 1781 4870 i,

1597 4888 1681 4969 tigit
1764 4890 1781 4973 ζι

224 3503 300 3589 sig.
315 3508 383 3590 138.
