3625 5450
420 999 1731 1228 nn10umu1ccmmnpu1pppppppmnatisaJonmn,
1796 1035 1797 1054 r

906 1150 959 1227 w
1233 1196 1246 1222 .

504 1380 566 1464 Dc
601 1365 870 1486 obseruatione
900 1353 1075 1473 Eclipfis
1097 1337 1292 1462 salmis,¹
1327 1347 1517 1465 instituta
1543 1347 1660 1442 Wite·

513 1505 515 1508 ’
714 1485 833 1597 berge
864 1478 926 1563 die
957 1479 1043 1559 XV.
1075 1472 1313 1586 Septembris
1345 1468 1465 1556 Anni

873 1598 1294 1681 clnloccxxvtr.

434 1856 590 2021 DIE
617 1852 699 1925 XV.
727 1842 946 1946 Septembris
985 1837 1145 1937 proxime
1180 1834 1324 1936 elapsi,
1359 1857 1433 1934 quo
1458 1830 1551 1906 Solis
1585 1777 1736 1904 defessus

552 1951 730 2049 contigit,
759 1947 877 2048 primo
906 1966 1009 2016 mane
1026 1942 1262 2025 Euronotus,
1288 1939 1418 2024 (8.0)
1435 1930 1727 2006 serenitatemcte·

431 2055 480 2143 li,
505 2079 575 2152 qua
603 2052 747 2150 integro
775 2047 808 2120 δι
836 2041 988 2142 amplius
1014 2036 1132 2112 mense
1159 2059 1265 2110 antea
1284 2035 1463 2110 fueramus
1481 2028 1614 2132 gavisi,
1641 2052 1727 2100 nota·

432 2153 554 2242 biliter
581 2150 725 2222 turbare
753 2144 958 2219 uidebatur.
986 2138 1169 2212 Columna
1195 2138 1334 2237 argenti
1363 2132 1439 2208 vivi
1458 2132 1495 2204 in
1512 2132 1729 2218 barometro,

432 2274 509 2349 qua
526 2249 583 2321 die
599 2250 703 2320 XIV.
721 2241 940 2341 Septembris
958 2237 1188 2316 altitudinem
1218 2262 1262 2327 ²7
1290 2234 1487 2335 digitorum
1516 2230 1550 2302 dt
1583 2237 1605 2297 6
1628 2226 1730 2300 linea·

434 2373 514 2421 rum
545 2347 642 2446 pedis
671 2341 869 2417 Parisrensrs
896 2341 1049 2415 assecuta
1076 2361 1174 2426 erat,
1201 2336 1254 2411 die
1266 2338 1343 2406 XV.
1370 2329 1484 2428 sesqui
1499 2328 1592 2398 linea
1612 2324 1730 2397 decre·

433 2470 565 2535 uerat,
591 2447 626 2517 δι
655 2441 778 2541 sparsae
804 2440 926 2536 passm]
956 2464 1018 2536 per
1044 2438 1174 2522 ccelum
1204 2434 1371 2519 nubecula
1387 2430 1554 2525 exiguam
1572 2421 1730 2497 uideudae

435 2546 606 2645 eclipseos
631 2541 727 2642 spem
763 2537 1039 2636 relinquebant.
1074 2541 1213 2608 Verum
1250 2532 1354 2631 paulo
1379 2526 1452 2627 poll
1481 2525 1608 2599 horam
1634 2519 1727 2618 septi·

437 2670 563 2736 mam,
589 2639 828 2716 invalescente
854 2643 980 2735 §auru
997 2687 1018 2728 ,-·
1038 2641 1053 2721 (
1076 2638 1125 2708 N.
1142 2637 1225 2722 W)
1251 2633 1359 2706 nubes
1385 2624 1508 2700 uersus
1533 2622 1725 2695 orientalem

436 2747 578 2849 plagam
608 2768 651 2816 ex
679 2766 768 2816 voto
796 2713 1257 2834 nollro'dispelleban'tur'.
1295 2736 1422 2829 ltaque
1460 2726 1503 2800 ad
1531 2719 1725 2796 observatio·
1796 2772 1797 2833 p

436 2870 519 2919 nem
537 2865 701 2917 accurate
727 2839 927 2915 sariendam
955 2860 1011 2910 me
1038 2836 1202 2910 accinxi.
1234 2834 1436 2909 intuleram
1462 2845 1583 2901 autem
1607 2844 1728 2895 ametec
1796 2864 1797 2907 ᾗ

437 2942 603 3016 dentibus
630 2941 753 3014 diebus
780 2940 818 3012 in
855 2938 1026 3013 conclaue
1053 2960 1175 3011 ortum
1213 2933 1404 3031 respiciens
1431 2949 1566 3027 organa
1592 2919 1723 2994 necessa·

436 3040 512 3137 ria,
540 3064 666 3136 nempe
693 3038 923 3137 horologium
950 3036 1228 3124 oscillntorium,
1256 3029 1423 3131 tripedali
1453 3023 1600 3123 pendulo
1619 3018 1726 3094 inssru·

429 3140 559 3247 sium,
581 3138 677 3238 quod
695 3138 832 3211 minuta
850 3137 1008 3235 prima&
1020 3135 1169 3237 secunda
1196 3133 1356 3226 indicat,
1381 3132 1415 3202 δι
1427 3121 1664 3231 'l’elescopinm
1680 3123 1725 3192 Α·
1796 3154 1797 3213 3

437 3236 695 3312 slrooomieum
723 3239 875 3338 longum
903 3264 922 3330 3
944 3262 975 3337 p.
993 3262 1015 3328 7
1044 3236 1114 3335 dig.
1133 3222 1241 3309 Paris.
1268 3231 1326 3305 cui
1343 3252 1484 3303 camera
1501 3224 1636 3298 obscura
1650 3216 1726 3292 ‘eon-

438 3335 565 3410 sormis
592 3338 700 3440 longa
729 3362 747 3407 2
772 3362 809 3434 p.
836 3345 868 3409 6.
886 3335 958 3436 dig.
986 3334 1158 3436 avdlraeret.
1186 3334 1231 3431 sn
1257 3331 1371 3405 sundo
1396 3326 1499 3423 hujus
1524 3319 1728 3397 cameraob·

436 3433 563 3523 scurae,
589 3434 690 3533 super
716 3437 835 3509 tabula
863 3433 999 3527 vitrea,
1025 3460 1101 3537 que
1128 3432 1226 3508 te'nui
1253 3431 1377 3505 charta
1404 3429 1481 3503 alba
1507 3424 1649 3523 tegitur,
1674 3442 1728 3492 or·

277 3584 286 3607 0
437 3532 492 3606 bis
505 3531 651 3621 solaris,
677 3532 855 3605 diametro
883 3560 906 3626 3·
924 3535 995 3631 dig.
1019 3561 1030 3605 r
1059 3534 1123 3607 lin.
1142 3560 1182 3608 ea
1199 3532 1319 3625 facie,
1345 3555 1413 3629 qua
1438 3527 1475 3600 in
1502 3525 1585 3598 rrelo
1607 3521 1729 3606 lueet,

435 3630 525 3746 spris
549 3626 827 3730 inspeslautibus
853 3630 1073 3707 exhibetur.
1109 3633 1275 3707 Circulos
1302 3630 1391 3703 Solis
1420 3627 1488 3700 ima
1514 3622 1605 3693 inem
1639 3615 1727 3690 exei·
1796 3652 1797 3699 l

437 3728 747 3906 ppeppgciqnpippuft
769 3730 847 3905 alidis
872 3731 1132 3907 fpncentricipl,
1158 3757 1264 3832 atque
1291 3650 1661 3905 irndterpedplcsaptibps,
1686 3715 1728 3788 in
1796 3710 1797 3725 ¹

399 3914 410 3967 ’-
439 3926 542 4003 dibus
570 3854 1392 4045 ιαρυἰειειοῖεἷετιῖιίυιῗηὶξηαῐἸοηεαοωΤεεῗῖἒεοέῗί
1412 3837 1735 4005 usiltimiuibilieie,

313 4056 341 4069 ··
438 4029 578 4143 pullum
605 4029 846 4104 rnterccdebat
874 4030 1063 4107 discrimen
1084 4033 1178 4106 inter
1196 4057 1299 4106 arcus
1324 4024 1534 4130 peripheria
1549 4015 1735 4118 spherica,

437 4128 1738 4330 carnuntumcant?‘celimandum

450 4306 458 4320 b

439 4325 593 4497 pbepia,
618 4325 689 4401 live
715 4327 812 4403 incer
839 4328 1056 4406 circulorum
1083 4332 1422 4429 contemnitur-um,
1452 4324 1502 4402 de
1518 4320 1644 4422 quibus
1658 4313 1739 4401 dini,

455 4427 744 4501 emtdrametros.
771 4432 821 4502 Et
838 4431 1002 4531 quamvis
1018 4430 1186 4508 dedissem
1204 4455 1374 4546 operam,
1400 4449 1440 4503 ut
1462 4416 1654 4519 horologii
1669 4439 1738 4491 teu·
1796 4424 1797 4483 l

439 4549 525 4622 put,
551 4524 741 4641 secpndum
758 4527 1026 4604 obseruationes
1049 4518 1394 4618 Solismendianis,
1421 4526 1574 4624 aliquot
1592 4543 1670 4595 ante
1684 4515 1735 4586 de·

440 4623 503 4693 bus
530 4649 795 4725 corrigeretur,
820 4649 964 4720 tamen,
990 4656 1070 4705 cum
1099 4630 1290 4706 translatio
1317 4632 1354 4702 in
1383 4629 1514 4699 locum
1537 4627 1577 4695 δι
1597 4610 1722 4694 fitumd'

438 4718 606 4819 versum,
632 4723 912 4823 mutabilitatem
939 4732 1117 4832 quandam
1142 4731 1206 4835 ipfi
1232 4727 1367 4805 inserte
1392 4724 1598 4801 videretur
1615 4773 1628 4815 ‚
1648 4714 1741 4889 lippia

579 4874 584 4883 '
1643 4845 1659 4920 s
