3625 5450
370 277 1431 450 ΕκυῡιτοκυΜ.ς4ς’κ

89 505 153 588 nia
168 517 378 607 compotem
395 501 485 577 esser
513 503 743 603 excipiendus
759 526 881 581 tamen
907 504 958 581 cst
975 509 1072 585 casus
1091 521 1108 601 (
1117 520 1269 607 nze),
1284 514 1323 591 in
1343 531 1590 620 quomam,

87 604 309 711 aquationis
335 601 557 678 construdlio
581 604 756 702 dependet
784 631 803 679 a
831 606 1047 706 quadratura
1075 611 1232 689 circuli.
1256 617 1594 695 amaricatam·

3 736 17 768 t
86 733 177 785 nem
199 730 317 780 meam
335 702 540 819 posterioris
558 702 661 798 hujus
689 703 922 803 problematis
949 708 1018 784 alia
1045 712 1228 790 occasune
1253 740 1414 795 commu·
1435 694 1593 779 ΜὈἂώ·

4 806 15 846 “’
86 806 247 895 nimbo,
275 830 319 878 ne
335 802 399 902 apsi
414 803 473 879 cl.
493 803 646 879 Riccato
672 804 837 879 ultimam
866 804 958 880 banc
986 810 1201 907 problemati
1221 814 1283 891 suo
1299 818 1414 919 perse·

4 904 6 947 ¹
88 907 259 988 &ionem
277 905 385 981 dandi
402 899 521 980 ansam
548 902 585 977 δι
611 901 821 980 defiderium
843 903 1063 1008 preripiam.
1183 927 1188 930 ’
1410 908 1412 912 ’

7 1117 1415 1195 *mmmmm

93 1269 102 1282 ’
267 1275 1245 1450 s'ancocntns²
1421 1301 1683 1408 nm·

1433 1418 1506 1506 Pte·
1524 1441 1594 1502 49²·

92 1560 181 1648 Seu
214 1557 342 1644 totius
372 1553 549 1643 membri
579 1556 771 1677 genitalis
802 1562 977 1670 tumoris
1009 1559 1113 1650 vasti
1144 1565 1411 1683 rarilfimique

165 1689 212 1777 in
233 1688 459 1800 cadavere,
478 1688 758 1809 MenseJunio
786 1721 904 1808 1725
930 1694 1063 1804 serto,
1084 1701 1320 1815 exemplum
1331 1732 1346 1816 3

91 1920 138 2002 Ε
157 1914 338 2002 Tbcarro
358 1918 591 2002 Anatomicn
610 1916 816 2036 Lipstcnfi
836 1923 1143 2009 communicavit
1162 1928 1216 2014 D.
1230 1926 1413 2028 AUGU-

157 2037 373 2121 STINUS
399 2037 751 2123 FRlDERIGUS
773 2035 828 2116 W
830 2044 1146 2130 ALTHERUS
1154 2102 1169 2151 ‚
1188 2045 1410 2130 Anaromiae

158 2150 214 2239 O*
234 2151 452 2270 Chirurgie
470 2152 579 2269 Peos.
601 2150 720 2244 Publ.
739 2155 821 2284 br.
844 2159 966 2246 Acad.
986 2160 1155 2247 Rarior.

194 2395 406 2476 nriffimum
427 2398 497 2494 est,
522 2423 660 2477 tumere
678 2401 857 2495 scrotum,
884 2404 919 2477 dc
939 2403 1040 2479 simul
1057 2405 1235 2507 reliquum
1252 2403 1410 2507 genitale

218 2500 417 2574 membrum
434 2501 582 2575 crassum
602 2504 637 2576 dc
657 2502 781 2603 ingens
798 2501 900 2594 fieri,
928 2526 991 2596 ut,
1016 2505 1156 2605 paribus
1174 2506 1286 2580 veluti
1305 2501 1411 2618 passr·

93 2598 168 2675 bus
183 2599 318 2692 uuna,
343 2600 380 2673 in
397 2623 581 2675 enormem
599 2603 636 2675 ἃ
654 2602 823 2678 vitiosam
851 2603 1019 2703 ponderis
1044 2607 1174 2679 molent
1195 2603 1412 2705 magnitudi-

93 2722 261 2798 nemque
282 2697 409 2776 vastam
426 2702 652 2792 excrescant,
678 2702 779 2779 sicuti
798 2701 835 2778 in
855 2705 1050 2805 exemplo,
1076 2706 1173 2807 quod
1201 2730 1287 2780 mox
1314 2728 1412 2780 com·

92 2799 401 2897 memorabimus,
427 2800 602 2904 contigit.
630 2803 807 2878 Omnium
825 2827 970 2880 externa
988 2804 1096 2879 facies
1110 2807 1184 2897 ,dc
1212 2830 1287 2906 quae
1316 2804 1413 2879 intus

91 2898 484 2996 comprehenduntur,
510 2927 574 2976 nos
597 2901 634 2977 in
661 2902 936 2979 admirationem
965 2905 1136 3005 rapiunt.
1162 2903 1310 2980 Etenim
1339 2928 1413 2979 non

85 2997 270 3089 ,insolitus
288 2998 335 3072 esl
359 2998 471 3076 scroti
490 3023 631 3094 tumor,
655 3004 719 3104 qui
736 3003 932 3096 oboritur,
959 3006 1130 3106 quoties,
1157 3027 1219 3080 aut
1245 3001 1413 3079 intestina

90 3097 295 3190 decidunt,
320 3123 383 3174 aut
409 3100 505 3175 tellis
531 3102 723 3195 alteruter,
748 3104 873 3179 durior
901 3103 1086 3204 majorque
1102 3101 1234 3193 fabius,
1264 3102 1321 3173 vel
1339 3104 1413 3191 ejus

92 3199 301 3273 tumidiora
328 3199 409 3275 vasa
436 3253 448 3291 ‚
477 3201 566 3277 illud
592 3204 760 3303 grandius
787 3203 938 3277 reddunt
964 3255 976 3293 ‚
1003 3227 1062 3278 aut
1090 3227 1174 3275 ctro
1199 3199 1355 3299 sungosa'
1373 3198 1413 3272 in

89 3297 226 3372 scroto
250 3299 497 3391 subnascitur,
522 3325 584 3376 aut
613 3301 725 3402 ipsum
755 3328 846 3402 aqua
872 3300 1111 3397 distenditur.
1137 3303 1412 3398 Nonnunquam

93 3394 219 3473 etiam
237 3394 321 3473 flatu
341 3402 515 3501 repletum
532 3399 652 3491 fuisse,
677 3402 735 3475 uel
763 3399 977 3503 pinguedine
1002 3398 1207 3477 intumuisse
1225 3398 1382 3473 scrotum
1403 3447 1416 3490 ,

91 3496 170 3572 alii
195 3499 551 3576 animadverterunt.
582 3504 685 3593 Quos
710 3525 869 3578 tumores
896 3501 1044 3576 nomine
1075 3502 1232 3605 pluribus
1251 3522 1413 3574 commu·

88 3597 137 3672 ni
159 3598 312 3674 ramices
328 3604 387 3674 uel
407 3598 548 3677 herniae
566 3626 754 3692 vocamus3
780 3626 932 3703 quarum
961 3628 1007 3674 eae
1025 3600 1198 3700 simplices
1215 3601 1412 3686 dicuntur,

87 3697 157 3773 nbi
178 3696 331 3785 isiorum
351 3700 504 3801 fingula,
529 3725 607 3801 qun
629 3700 872 3801 protulimus,
899 3698 1056 3771 scrotum
1082 3722 1287 3795 occupant:
1316 3716 1414 3768 eom·

78 3798 232 3900 ,positas
251 3825 341 3875 reto
360 3800 534 3898 appellare
552 3799 656 3890 licet,
683 3797 707 3871 st
731 3800 826 3872 malo
843 3795 1030 3898 grauiore,
1058 3820 1119 3868 aut
1140 3794 1325 3895 negleblo,
1351 3812 1414 3866 aut

84 3901 239 3981 diutius
266 3900 479 3998 protensio,
507 3900 606 4000 plura
630 3926 670 3974 ac
697 3895 833 3973 diversa
861 3894 921 3968 bic
946 3917 1217 3996 congeruntur.
1246 3897 1414 3988 Quorum

72 4002 270 4100 ‚exempla
286 4027 330 4074 ex
348 4002 456 4075 variis
473 4000 678 4075 tenoribus
693 3998 842 4097 collegit
863 3995 1057 4095 retulitque
1074 3991 1189 4068 noller
1206 3993 1244 4066 in
1270 3990 1416 4067 concin-

82 4100 232 4178 nandis
255 4099 310 4175 bis
320 4100 425 4176 Attis
435 4101 586 4200 Collega
602 4125 623 4173 a
641 4098 770 4172 multir-
780 4094 882 4172 annis
899 4093 1187 4194 diligentillimus
1208 4096 1253 4166 D.
1267 4089 1417 4203 Michael

77 4201 520 4291 ErneslurErrmullerur,
547 4195 643 4274 Pros.
661 4199 758 4272 Publ.
777 4218 1042 4297 programmate
1062 4219 1158 4267 anno
1176 4214 1268 4285 1723
1280 4189 1318 4263 in
1334 4192 1416 4262 Dnt
1464 4248 1468 4255 ,

4 4391 7 4401 Ι
75 4302 295 4380 Steinseldi
313 4301 545 4404 promotione
563 4299 695 4385 edito;
722 4296 822 4395 cujus
846 4291 1029 4369 occasione
1056 4292 1254 4366 sarcocelen
1281 4287 1328 4360 ob
1355 4311 1417 4361 ua·

69 4407 182 4482 stant
212 4410 294 4478 tant
322 4400 431 4479 scrut-l
458 4426 564 4502 quarn
594 4398 692 4501 penis
720 4394 1039 4498 magnitudinem,
1074 4395 1251 4492 longeque
1279 4387 1378 4485 plura
1405 4433 1419 4475 ,

4 4519 6 4596 f
69 4503 453 4585 commemoratione
471 4503 619 4602 dignum
638 4522 816 4574 tumorem
840 4493 1032 4568 recensuit.
1059 4494 1184 4565 Homo
1211 4513 1254 4561 eo
1281 4508 1419 4583 tempo·
1513 4526 1520 4543 ·

4 4627 6 4630 ’
65 4639 110 4687 re
145 4606 391 4708 aegrotavit,
418 4605 516 4700 cujus
543 4600 696 4702 polleo,
732 4595 849 4671 mense
879 4592 990 4681 lunio
1024 4590 1127 4687 hujus
1161 4588 1246 4662 anni
1265 4586 1419 4659 demor-

59 4713 129 4791 tui
155 4711 353 4797 cadauer,
370 4727 409 4780 ut
430 4730 510 4807 pars
532 4696 767 4785 rualealseslt
784 4694 923 4800 publice
940 4687 1264 4777 demonstraretur,
1291 4683 1332 4759 ad
1357 4706 1420 4759 no·

113 4879 120 4891 .
187 4815 227 4889 T
228 4834 295 4885 om.
314 4811 370 4882 Vl.
592 4820 601 4837 ³
629 4854 632 4855 f
672 4815 674 4818 ’
923 4789 1013 4868 Zaa
1262 4783 1370 4859 llrum
